@book{Darwin1859,
address = {London},
author = {Darwin, Charles},
publisher = {John Murray},
title = {{On the Origin of Species by Means of Natural Selection or the Preservation of Favoured Races in the Struggle for Life}},
year = {1859}
}

@book{von_goethe_wilhelm_1829,
	title = {Wilhelm {Meisters} {Wanderjahre} oder die {Entsagenden}},
	shorttitle = {Werke},
	language = {de},
	publisher = {Cotta},
	author = {von Goethe, Johann Wolfgang},
	year = {1829}
}

@article{Satchell2009,
  author =        {Satchell, Christine and Dourish, Paul},
  journal =       {Proceedings of the Annual Conference of the
                   Australian Computer-Human Interaction Special
                   Interest Group (OZCHI '09)},
  number =        {November},
  pages =         {9--16},
  title =         {{Beyond The User: Use And Non-Use in HCI}},
  year =          {2009},
  doi =           {10.1145/1738826.1738829},
  isbn =          {9781605588544},
  issn =          {14712970},
  url =           {http://douri.sh/publications/2009/nonuse-ozchi.pdf},
}

@book{Wu2016,
  author =        {Wu, Tim},
  publisher =     {Knopf Publishing Group},
  title =         {{The Attention Merchants: The Epic Scramble to Get
                   Inside Our Heads}},
  year =          {2016},
}

@article{Shea2014,
  author =        {Shea, Nicholas and Boldt, Annika and Bang, Dan and
                   Yeung, Nick and Heyes, Cecilia and Frith, Chris D},
  journal =       {Trends in Cognitive Sciences},
  number =        {4},
  pages =         {186--193},
  title =         {{Supra-personal cognitive control and metacognition}},
  volume =        {18},
  year =          {2014},
  doi =           {10.1016/j.tics.2014.01.006},
  issn =          {1364-6613},
  url =           {http://dx.doi.org/10.1016/j.tics.2014.01.006},
}

@inproceedings{Lottridge2012,
  author =        {Lottridge, Danielle and Marschner, Eli and
                   Wang, Ellen and Romanovsky, Maria and Nass, Clifford},
  booktitle =     {Proceedings of the Human Factors and Ergonomics
                   Society 56th Annual Meeting},
  title =         {{Browser design impacts multitasking}},
  year =          {2012},
  doi =           {10.1177/1071181312561289},
  isbn =          {9780945289418},
  issn =          {10711813},
}

@article{abate2014cost,
  title={Cost-efficiency and outreach of microfinance institutions: Trade-offs and the role of ownership},
  author={Abate, Gashaw Tadesse and Borzaga, Carlo and Getnet, Kindie},
  journal={Journal of International Development},
  volume={26},
  number={6},
  pages={923--932},
  year={2014},
  publisher={Wiley Online Library}
}

@article{abdulai2017trade,
  title={Trade-off between outreach and sustainability of microfinance institutions: evidence from sub-Saharan Africa},
  author={Abdulai, Adams and Tewari, Devi Datt},
  journal={Enterprise Development \& Microfinance},
  volume={28},
  number={3},
  pages={162--181},
  year={2017},
  publisher={Practical Action Publishing}
}

@article{abor2005effect,
  title={The effect of capital structure on profitability: an empirical analysis of listed firms in Ghana},
  author={Abor, Joshua},
  journal={The journal of risk finance},
  year={2005},
  publisher={Emerald Group Publishing Limited}
}

@article{abor2007debt,
  title={Debt policy and performance of SMEs: Evidence from Ghanaian and South African firms},
  author={Abor, Joshua},
  journal={The Journal of Risk Finance},
  year={2007},
  publisher={Emerald Group Publishing Limited}
}

@article{adams2016microfinance,
  title={Microfinance dreams},
  author={Adams, Dale W and Vogel, Robert C},
  journal={Enterprise Development and Microfinance},
  volume={27},
  number={2},
  pages={142--154},
  year={2016},
  publisher={Practical Action Publishing}
}

@article{adusei2015impact,
  title={The impact of bank size and funding risk on bank stability},
  author={Adusei, Michael},
  journal={Cogent Economics \& Finance},
  volume={3},
  number={1},
  pages={1111489},
  year={2015},
  publisher={Cogent OA}
}

@article{afzal2018two,
  title={Two sides of the same rupee? Comparing demand for microcredit and microsaving in a framed field experiment in rural Pakistan},
  author={Afzal, Uzma and d’Adda, Giovanna and Fafchamps, Marcel and Quinn, Simon and Said, Farah},
  journal={The Economic Journal},
  volume={128},
  number={614},
  pages={2161--2190},
  year={2018},
  publisher={Oxford University Press}
}

@article{agrawal1987managerial,
  title={Managerial incentives and corporate investment and financing decisions},
  author={Agrawal, Anup and Mandelker, Gershon N},
  journal={The Journal of Finance},
  volume={42},
  number={4},
  pages={823--837},
  year={1987},
  publisher={Wiley Online Library}
}

@book{bankofghana2017,
address = {Accra},
author = {{Bank of Ghana}},
publisher = {Bank of Ghana},
title = {{Annual Report 2016}},
year = {2017}
}


@article{beck2018benefits,
  title={Who benefits? The interactional determinants of microfinance’s varied effects},
  author={Beck, Erin and Aguilera, Michael and Schintz, James},
  journal={The Journal of Development Studies},
  volume={54},
  number={2},
  pages={235--255},
  year={2018},
  publisher={Taylor \& Francis}
}

@article{ahlin2011does,
  title={Where does microfinance flourish? Microfinance institution performance in macroeconomic context},
  author={Ahlin, Christian and Lin, Jocelyn and Maio, Michael},
  journal={Journal of Development Economics},
  volume={95},
  number={2},
  pages={105--120},
  year={2011},
  publisher={Elsevier}
}

@article{ahmed2014financial,
  title={Financial integration, capital market development and economic performance: Empirical evidence from Botswana},
  author={Ahmed, Abdullahi D and Mmolainyane, Kelesego K},
  journal={Economic Modelling},
  volume={42},
  pages={1--14},
  year={2014},
  publisher={Elsevier}
}

@article{aigner1977formulation,
  title={Formulation and estimation of stochastic frontier production function models},
  author={Aigner, Dennis and Lovell, CA Knox and Schmidt, Peter},
  journal={Journal of econometrics},
  volume={6},
  number={1},
  pages={21--37},
  year={1977},
  publisher={Elsevier}
}

@article{aiyar2016does,
  title={How does credit supply respond to monetary policy and bank minimum capital requirements?},
  author={Aiyar, Shekhar and Calomiris, Charles W and Wieladek, Tomasz},
  journal={European Economic Review},
  volume={82},
  pages={142--165},
  year={2016},
  publisher={Elsevier}
}

@article{akotey2016does,
  title={Does microcredit increase household welfare in the absence of microinsurance?},
  author={Akotey, Joseph Oscar and Adjasi, Charles KD},
  journal={World Development},
  volume={77},
  pages={380--394},
  year={2016},
  publisher={Elsevier}
}

@article{al2018business,
  title={Business cycles, financial cycles and capital structure},
  author={Al-Zoubi, Haitham A and O’Sullivan, Jennifer A and Alwathnani, Abdulaziz M},
  journal={Annals of Finance},
  volume={14},
  number={1},
  pages={105--123},
  year={2018},
  publisher={Springer}
}

@article{alimukhamedova2017importance,
  title={The importance of geographic access for the impact of microfinance},
  author={Alimukhamedova, Nargiza and Filer, Randall and Hanousek, Jan},
  journal={Development Policy Review},
  volume={35},
  number={5},
  pages={645--657},
  year={2017},
  publisher={Wiley Online Library}
}

@article{allen2014african,
  title={The African financial development and financial inclusion gaps},
  author={Allen, Franklin and Carletti, Elena and Cull, Robert and Qian, Jun ‘QJ’ and Senbet, Lemma and Valenzuela, Patricio},
  journal={Journal of African Economies},
  volume={23},
  number={5},
  pages={614--642},
  year={2014},
  publisher={Oxford University Press}
}

@book{allen2013resolving,
  title={Resolving the African financial development gap: Cross-country comparisons and a within-country study of Kenya},
  author={Allen, Franklin and Carletti, Elena and Cull, Robert and Qian, Jun and Senbet, Lemma and Valenzuela, Patricio},
  year={2013},
  publisher={The World Bank}
}

@article{allen2011african,
  title={African financial systems: A review},
  author={Allen, Franklin and Otchere, Isaac and Senbet, Lemma W},
  journal={Review of Development Finance},
  volume={1},
  number={2},
  pages={79--113},
  year={2011},
  publisher={Elsevier}
}

@article{ang2000agency,
  title={Agency costs and ownership structure},
  author={Ang, James S and Cole, Rebel A and Lin, James Wuh},
  journal={The Journal of Finance},
  volume={55},
  number={1},
  pages={81--106},
  year={2000},
  publisher={Wiley Online Library}
}

@inproceedings{bhaskar1998critical,
  title={Critical realism},
  author={Bhaskar, Roy and Collier, A and Lawson, T and Norrie, A},
  booktitle={Proceedings of the Standing Conference on Realism and Human Sciences, Bristol, UK},
  volume={4},
  year={1998}
}

@book{armendariz2010economics,
  title={The economics of microfinance},
  author={Armendariz, Beatriz and Morduch, Jonathan},
  year={2010},
  publisher={MIT press}
}

@article{armendariz2013subsidy,
  title={Subsidy uncertainty and microfinance mission drift},
  author={Armendariz, Beatriz and D'Espallier, Bert and Hudon, Marek and Szafarz, Ariane},
  journal={Available at SSRN 1731265},
  year={2013}
}

@article{arouri2013econometric,
  title={An econometric analysis of the impact of oil prices on stock markets in Gulf cooperation countries},
  author={Arouri, Mohamed El Hedi and Rault, Christophe},
  journal={Emerging Markets and the Global Economy: A Handbook},
  pages={161--178},
  year={2013},
  publisher={Academic Press}
}

@article{ashta2012compartamos,
  title={The Compartamos microfinance IPO: Mission conflicts in hybrid institutions with diverse shareholding},
  author={Ashta, Arvind and Hudon, Marek},
  journal={Strategic Change},
  volume={21},
  number={7-8},
  pages={331--341},
  year={2012},
  publisher={John Wiley \& Sons, Ltd. Chichester, UK}
}

@article{lahimer2013does,
  title={Does microfinance promote entrepreneurship and innovation? A macro analysis},
  author={Lahimer, Noomen and Dash, Soumendra and Zaiter, Mahjouba},
  journal={African Journal of Science, Technology, Innovation and Development},
  volume={5},
  number={1},
  pages={19--29},
  year={2013},
  publisher={Taylor \& Francis}
}

@article{ataullah2006economic,
  title={Economic reforms and bank efficiency in developing countries: the case of the Indian banking industry},
  author={Ataullah, Ali and Le, Hang},
  journal={Applied Financial Economics},
  volume={16},
  number={9},
  pages={653--663},
  year={2006},
  publisher={Taylor \& Francis}
}

@techreport{attridge2019blended,
  title={Blended finance in the poorest countries: the need for a better approach},
  author={Attridge, Samantha and Engen, Lars},
  year={2019},
  institution={ODI Report}
}

@article{avkiran2006productivity,
  title={Productivity analysis in the service sector with data envelopment analysis},
  author={Avkiran, Necmi K},
  journal={Available at SSRN 2627576},
  year={2006}
}

@article{awaworyi2016has,
  title={What has failed: microfinance or evaluation methods?},
  author={Awaworyi Churchill, Sefa and Nuhu, Ahmed Salim},
  journal={Journal of Sustainable Finance \& Investment},
  volume={6},
  number={2},
  pages={85--94},
  year={2016},
  publisher={Taylor \& Francis}
}

@article{awaworyi2018sustainability,
  title={Sustainability and depth of outreach: Evidence from microfinance institutions in sub-Saharan Africa},
  author={Awaworyi Churchill, Sefa},
  journal={Development Policy Review},
  volume={36},
  pages={O676--O695},
  year={2018},
  publisher={Wiley Online Library}
}

@article{ayele2015microfinance,
  title={Microfinance institutions in Ethiopia, Kenya and Uganda: Loan outreach to the poor and the quest for financial viability},
  author={Ayele, Gashaw Tsegaye},
  journal={African Development Review},
  volume={27},
  number={2},
  pages={117--129},
  year={2015},
  publisher={Wiley Online Library}
}

@book{constantinides2003handbook,
  title={Handbook of the Economics of Finance: Corporate finance},
  author={Constantinides, George M and Harris, Milton and Stulz, Rene M},
  year={2003},
  publisher={Elsevier}
}

@article{azad2016african,
  title={Do African microfinance institutions need efficiency for financial stability and social outreach?},
  author={Azad, Md AK and Munisamy, Susila and Masum, Abdul KM and Wanke, Peter},
  journal={South African Journal of Science},
  volume={112},
  number={9-10},
  pages={1--8},
  year={2016},
  publisher={Academy of Science of South Africa}
}

@article{azemar2013has,
  title={Has the Lucas Paradox been fully explained?},
  author={Azemar, Celine and Desbordes, Rodolphe},
  journal={Economics Letters},
  volume={121},
  number={2},
  pages={183--187},
  year={2013},
  publisher={Elsevier}
}

@article{bailey2011implementing,
  title={Implementing panel corrected standard errors in R: the pcse package},
  author={Bailey, Delia and Katz, Jonathan N},
  journal={Journal of Statistical Software},
  volume={42},
  number={CS1},
  pages={1--11},
  year={2011},
  publisher={University of California, Los Angeles}
}

@book{ballwieser2012agency,
  title={Agency theory, information, and incentives},
  author={Ballwieser, Wolfgang and Bamberg, G and Beckmann, MJ and Bester, H and Blickle, M and Ewert, R and Feichtinger, G and Firchau, V and Fricke, F and Funke, H and others},
  year={2012},
  publisher={Springer Science \& Business Media}
}

@article{baltagi2009financial,
  title={Financial development and openness: Evidence from panel data},
  author={Baltagi, Badi H and Demetriades, Panicos O and Law, Siong Hook},
  journal={Journal of Development Economics},
  volume={89},
  number={2},
  pages={285--296},
  year={2009},
  publisher={Elsevier}
}

@article{croissant2008panel,
  title={Panel data econometrics in R: The plm package},
  author={Croissant, Yves and Millo, Giovanni},
  journal={Journal of statistical software},
  volume={27},
  number={2},
  year={2008}
}

@book{poverty2017here,
      title     = {Research on Economic Inequality: Poverty, Inequality and Welfare},
      author    = {Bandyopadhyay, S. and Juan Gabriel Rodriguez},
      year      = {2017},
      publisher = {Routledge},
      address   = {London}
    }

@article{gummin20172016,
  title={2016 annual report of the american association of poison control centers’ national poison data system (NPDS): 34th annual report},
  author={Gummin, David D and Mowry, James B and Spyker, Daniel A and Brooks, Daniel E and Fraser, Michael O and Banner, William},
  journal={Clinical Toxicology},
  volume={55},
  number={10},
  pages={1072--1254},
  year={2017},
  publisher={Taylor \& Francis}
}

@article{banker1984some,
  title={Some models for estimating technical and scale inefficiencies in data envelopment analysis},
  author={Banker, Rajiv D and Charnes, Abraham and Cooper, William Wager},
  journal={Management science},
  volume={30},
  number={9},
  pages={1078--1092},
  year={1984},
  publisher={INFORMS}
}

@article{barclay2005capital,
  title={The capital structure puzzle: The evidence revisited},
  author={Barclay, Michael J and Smith, Clifford W},
  journal={Journal of Applied Corporate Finance},
  volume={17},
  number={1},
  pages={8--17},
  year={2005},
  publisher={Wiley Online Library}
}

@article{barclay2006debt,
  title={On the debt capacity of growth options},
  author={Barclay, Michael J and Smith, Jr, Clifford W and Morellec, Erwan},
  journal={The Journal of Business},
  volume={79},
  number={1},
  pages={37--60},
  year={2006},
  publisher={JSTOR}
}

@article{gale2020bank,
  title={Bank capital, fire sales, and the social value of deposits},
  author={Gale, Douglas and Yorulmazer, Tanju},
  journal={Economic Theory},
  volume={69},
  number={4},
  pages={919--963},
  year={2020},
  publisher={Springer}
}


@article{di2021technology,
  title={Technology and financial inclusion: a case study to evaluate potential and limitations of Blockchain in emerging countries},
  author={di Prisco, Domenico and Strangio, Donatella},
  journal={Technology Analysis \& Strategic Management},
  pages={1--14},
  year={2021},
  publisher={Taylor \& Francis}
}

@article{bastiaensen2013after,
  title={After the Nicaraguan non-payment crisis: Alternatives to microfinance narcissism},
  author={Bastiaensen, Johan and Marchetti, Peter and Mendoza, Rene and Perez, Francisco},
  journal={Development and Change},
  volume={44},
  number={4},
  pages={861--885},
  year={2013},
  publisher={Wiley Online Library}
}

@book{bateman2010doesn,
  title={Why doesn't microfinance work?: The destructive rise of local neoliberalism},
  author={Bateman, Milford},
  year={2010},
  publisher={Zed Books Ltd.}
}

@article{battaglini2016dynamic,
  title={The dynamic free rider problem: A laboratory study},
  author={Battaglini, Marco and Nunnari, Salvatore and Palfrey, Thomas R},
  journal={American Economic Journal: Microeconomics},
  volume={8},
  number={4},
  pages={268--308},
  year={2016}
}

@article{bauchet2013micro,
  title={Is micro too small? Microcredit vs. SME finance},
  author={Bauchet, Jonathan and Morduch, Jonathan},
  journal={World Development},
  volume={43},
  pages={288--297},
  year={2013},
  publisher={Elsevier}
}

@misc{bayai2016financing,
  title={Financing and financial sustainability of microfinance institutions (MFIs): A conceptual view. Banks and Bank Systems, 11 (2), 21--32},
  author={Bayai, I and Ikhide, S},
  year={2016}
}

@article{becht1999blockholdings,
  title={Blockholdings in Europe:: An international comparison},
  author={Becht, Marco and Roell, Ailsa},
  journal={European Economic Review},
  volume={43},
  number={4-6},
  pages={1049--1056},
  year={1999},
  publisher={Elsevier}
}

@article{beck2014sme,
  title={SME finance in Africa},
  author={Beck, Thorsten and Cull, Robert},
  journal={Journal of African Economies},
  volume={23},
  number={5},
  pages={583--613},
  year={2014},
  publisher={Oxford University Press}
}

@article{beck2015microfinance,
  title={Microfinance: A critical literature survey},
  author={Beck, Thorsten},
  year={2015},
  publisher={The World Bank}
}

@article{beck2008finance,
  title={Finance, firm size, and growth},
  author={Beck, Thorsten and Demirguc-Kunt, ASLI and Laeven, Luc and Levine, Ross},
  journal={Journal of Money, Credit and Banking},
  volume={40},
  number={7},
  pages={1379--1405},
  year={2008},
  publisher={Wiley Online Library}
}

@article{bedecarrats2012combining,
  title={Combining social and financial performance: A paradox?},
  author={Bedecarrats, Florent and Baur, Silvia and Lapenu, Cecile},
  journal={Enterprise Development and Microfinance Journal},
  volume={23},
  number={3},
  pages={241},
  year={2012}
}

@article{beisland2019commercialization,
  title={The commercialization of the microfinance industry: Is there a ‘personal mission drift’among credit officers?},
  author={Beisland, Leif Atle and D’Espallier, Bert and Mersland, Roy},
  journal={Journal of Business Ethics},
  volume={158},
  number={1},
  pages={119--134},
  year={2019},
  publisher={Springer}
}

@article{beisland2020measuring,
  title={Measuring social performance in social enterprises: a global study of microfinance institutions},
  author={Beisland, Leif Atle and Djan, Kwame Ohene and Mersland, Roy and Randoy, Trond},
  journal={Journal of Business Ethics},
  pages={1--21},
  year={2020},
  publisher={Springer}
}

@article{bendickson2016agency,
  title={Agency theory: the times, they are a-changin’},
  author={Bendickson, Josh and Muldoon, Jeff and Liguori, Eric and Davis, Phillip E},
  journal={Management Decision},
  year={2016},
  publisher={Emerald Group Publishing Limited}
}

@article{berbegal2019impact,
  title={Impact of mission statement components on social enterprises’ performance},
  author={Berbegal-Mirabent, Jasmina and Mas-Machuca, Marta and Guix, Patricia},
  journal={Review of Managerial Science},
  pages={1--20},
  year={2019},
  publisher={Springer}
}

@article{berger2006capital,
  title={Capital structure and firm performance: A new approach to testing agency theory and an application to the banking industry},
  author={Berger, Allen N and Di Patti, Emilia Bonaccorsi},
  journal={Journal of Banking \& Finance},
  volume={30},
  number={4},
  pages={1065--1102},
  year={2006},
  publisher={Elsevier}
}

@book{berle1991modern,
  title={The modern corporation and private property},
  author={Berle, Adolf Augustus and Means, Gardiner Gardiner Coit},
  year={1991},
  publisher={Transaction publishers}
}

@article{bertrand2004much,
  title={How much should we trust differences-in-differences estimates?},
  author={Bertrand, Marianne and Duflo, Esther and Mullainathan, Sendhil},
  journal={The Quarterly journal of economics},
  volume={119},
  number={1},
  pages={249--275},
  year={2004},
  publisher={MIT Press}
}

@article{bhuiyan2015accountability,
  title={The accountability of microfinance institutions (MFIS) on the reach out of the poor in the south East Asian region},
  author={Bhuiyan, Abul Bashar and Uddin, Mohan and Rashid, Mamunur and Said, Jamaliah and Mazumder, Mohammad Nurul Huda},
  year={2015}
}

@article{bian2017ownership,
  title={Ownership dispersion and bank performance: Evidence from China},
  author={Bian, Wenlong and Deng, Chao},
  journal={Finance Research Letters},
  volume={22},
  pages={49--52},
  year={2017},
  publisher={Elsevier}
}

@incollection{bianco1996robust,
  title={Robust estimation in the logistic regression model},
  author={Bianco, Ana M and Yohai, Victor J},
  booktitle={Robust statistics, data analysis, and computer intensive methods},
  pages={17--34},
  year={1996},
  publisher={Springer}
}

@article{bibi2018new,
  title={New approaches to measure the social performance of microfinance institutions (MFIs)},
  author={Bibi, Uzma and Balli, Hatice Ozer and Matthews, Claire D and Tripe, David WL},
  journal={International Review of Economics \& Finance},
  volume={53},
  pages={88--97},
  year={2018},
  publisher={Elsevier}
}

@article{biggart2004systems,
  title={Systems of exchange},
  author={Biggart, Nicole Woolsey and Delbridge, Rick},
  journal={Academy of management review},
  volume={29},
  number={1},
  pages={28--49},
  year={2004},
  publisher={Academy of Management Briarcliff Manor, NY 10510}
}

@article{lewis1988poverty,
  title={Poverty, inequality and welfare},
  author={Lewis, Geoffrey W and Ulph, David T},
  journal={The Economic Journal},
  volume={98},
  number={390},
  pages={117--131},
  year={1988},
  publisher={JSTOR}
}

@article{bogan2012capital,
  title={Capital structure and sustainability: An empirical study of microfinance institutions},
  author={Bogan, Vicki L},
  journal={Review of Economics and Statistics},
  volume={94},
  number={4},
  pages={1045--1058},
  year={2012},
  publisher={MIT Press}
}

@article{bos2015practice,
  title={Practice what you preach: Microfinance business models and operational efficiency},
  author={Bos, Jaap WB and Millone, Matteo},
  journal={World Development},
  volume={70},
  pages={28--42},
  year={2015},
  publisher={Elsevier}
}

@article{bosse2016agency,
  title={Agency theory and bounded self-interest},
  author={Bosse, Douglas A and Phillips, Robert A},
  journal={Academy of management review},
  volume={41},
  number={2},
  pages={276--297},
  year={2016},
  publisher={Academy of Management Briarcliff Manor, NY}
}

@article{bradley1984existence,
  title={On the existence of an optimal capital structure: Theory and evidence},
  author={Bradley, Michael and Jarrell, Gregg A and Kim, E Han},
  journal={The Journal of Finance},
  volume={39},
  number={3},
  pages={857--878},
  year={1984},
  publisher={JSTOR}
}

@article{briere2015does,
  title={Does commercial microfinance belong to the financial sector? Lessons from the stock market},
  author={Briere, Marie and Szafarz, Ariane},
  journal={World Development},
  volume={67},
  pages={110--125},
  year={2015},
  publisher={Elsevier}
}

@article{coady2020designing,
  title={Designing Fiscal Redistribution: The Role of Universal and Targeted Transfers},
  author={Coady, David and Le, Nghia-Piotr},
  year={2020},
  publisher={IMF Working Paper}
}

@article{brown2012microfinance,
  title={Microfinance commercialization and mission drift},
  author={Brown, Martin and Guin, Benjamin and Kirschenmann, Karolin},
  journal={Die Unternehmung},
  volume={66},
  number={4},
  pages={340--357},
  year={2012},
  publisher={Nomos Verlagsgesellschaft mbH \& Co. KG}
}

@article{buera2021macroeconomics,
  title={The macroeconomics of microfinance},
  author={Buera, Francisco J and Kaboski, Joseph P and Shin, Yongseok},
  journal={The Review of Economic Studies},
  volume={88},
  number={1},
  pages={126--161},
  year={2021},
  publisher={Oxford University Press}
}

@article{butkiewicz2006institutional,
  title={Institutional quality and economic growth: Maintenance of the rule of law or democratic institutions, or both?},
  author={Butkiewicz, James L and Yanikkaya, Halit},
  journal={Economic Modelling},
  volume={23},
  number={4},
  pages={648--661},
  year={2006},
  publisher={Elsevier}
}

@article{calis2017does,
  title={Does microfinance make households more resilient to shocks? Evidence from the cyclone Phailin in India},
  author={Calis, Thijmen and Gangopadhyay, Shubhashis and Ghosh, Namrata and Lensink, Robert and Meesters, Aljar},
  journal={Journal of International Development},
  volume={29},
  number={7},
  pages={1011--1015},
  year={2017},
  publisher={Wiley Online Library}
}

@techreport{campello2011capital,
  title={Capital structure and the redeployability of tangible assets},
  author={Campello, Murillo and Giambona, Erasmo},
  year={2011},
  institution={Tinbergen Institute Discussion Paper}
}

@book{campion1999institutional,
  title={Institutional metamorphosis: Transformation of microfinance NGOs into regulated financial institutions},
  author={Campion, Anita and White, Victoria},
  year={1999},
  publisher={MicroFinance Network}
}

@article{casselman2013microfinance,
  title={Microfinance, mission drift, and the impact on the base of the pyramid: a resource-based approach},
  author={Casselman, R Mitch and Sama, Linda M},
  journal={Business and Society Review},
  volume={118},
  number={4},
  pages={437--461},
  year={2013},
  publisher={Wiley Online Library}
}

@article{caudill2009microfinance,
  title={Which microfinance institutions are becoming more cost effective with time? Evidence from a mixture model},
  author={Caudill, Steven B and Gropper, Daniel M and Hartarska, Valentina},
  journal={Journal of Money, Credit and Banking},
  volume={41},
  number={4},
  pages={651--672},
  year={2009},
  publisher={Wiley Online Library}
}

@article{chu2017shareholder,
  title={Shareholder litigation, shareholder--creditor conflict, and the cost of bank loans},
  author={Chu, Yongqiang},
  journal={Journal of Corporate Finance},
  volume={45},
  pages={318--332},
  year={2017},
  publisher={Elsevier}
}

@article{modigliani1958cost,
  title={The cost of capital, corporation finance and the theory of investment},
  author={Modigliani, Franco and Miller, Merton H},
  journal={The American economic review},
  volume={48},
  number={3},
  pages={261--297},
  year={1958},
  publisher={JSTOR}
}

@article{allen1993pecking,
  title={The pecking order hypothesis: Australian evidence},
  author={Allen, David E},
  journal={Applied Financial Economics},
  volume={3},
  number={2},
  pages={101--112},
  year={1993},
  publisher={Taylor \& Francis}
}

@inproceedings{cavalin2018confusion,
  title={Confusion matrix-based building of hierarchical classification},
  author={Cavalin, Paulo and Oliveira, Luiz},
  booktitle={Iberoamerican Congress on Pattern Recognition},
  pages={271--278},
  year={2018},
  organization={Springer}
}

@misc{cgap2017, 
  title={Donors and Investors}, 
	url={https://www.cgap.org/topics/donors-investors},
	journal={CGAP}, 
	publisher={Consultative Group to Assist the Poor (CGAP)}, 
	author={CGAP}} 

@article{chahine2010social,
  title={On the social and financial effects of the transformation of microfinance NGOs},
  author={Chahine, Salim and Tannir, L},
  journal={Voluntas: International Journal of Voluntary and Nonprofit Organizations},
  volume={21},
  number={3},
  pages={440--461},
  year={2010},
  publisher={Springer}
}

@article{chakravarty2015role,
  title={The role of subsidization and organizational status on microfinance borrower repayment rates},
  author={Chakravarty, Sugato and Pylypiv, Mariya I},
  journal={World Development},
  volume={66},
  pages={737--748},
  year={2015},
  publisher={Elsevier}
}

@article{chandrasekhar2015microsavings,
  title={Microsavings-A neglected pillar of Microfinance: Does literacy influence the saving preferences of poor women?},
  author={Chandrasekhar, B and Anantharaman, A},
  journal={Journal of Contemporary Research in Management},
  volume={10},
  number={1},
  year={2015}
}

@incollection{chang2015reconsideration,
  title={A Reconsideration of the Modigliani-Miller Propositions},
  author={Chang, Kuo-Ping},
  booktitle={The ownership of the firm, corporate finance, and derivatives},
  pages={17--22},
  year={2015},
  publisher={Springer}
}

@article{charnes1978measuring,
  title={Measuring the efficiency of decision making units},
  author={Charnes, Abraham and Cooper, William W and Rhodes, Edwardo},
  journal={European journal of operational research},
  volume={2},
  number={6},
  pages={429--444},
  year={1978},
  publisher={Elsevier}
}

@article{charnes1981evaluating,
  title={Evaluating program and managerial efficiency: an application of data envelopment analysis to program follow through},
  author={Charnes, Abraham and Cooper, William W and Rhodes, Edwardo},
  journal={Management science},
  volume={27},
  number={6},
  pages={668--697},
  year={1981},
  publisher={INFORMS}
}

@article{chattopadhyay2017applicability,
  title={Applicability and effectiveness of classifications models for achieving the twin objectives of growth and outreach of microfinance institutions},
  author={Chattopadhyay, Manojit and Mitra, Subrata Kumar},
  journal={Computational and Mathematical Organization Theory},
  volume={23},
  number={4},
  pages={451--474},
  year={2017},
  publisher={Springer}
}

@article{chen2010indian,
  title={Indian microfinance goes public: The SKS initial public offering},
  author={Chen, Greg and Rasmussen, Stephen and Reille, Xavier and Rozas, Daniel},
  journal={Focus Note},
  volume={65},
  year={2010}
}

@article{chen2017microfinance,
  title={Microfinance: Where are we today and where should the research go in the future?},
  author={Chen, Juanyi and Chang, Amber Y and Bruton, Garry D},
  journal={International Small Business Journal},
  volume={35},
  number={7},
  pages={793--802},
  year={2017},
  publisher={SAGE Publications Sage UK: London, England}
}

@article{cheng2007testing,
  title={Testing for IIA in the multinomial logit model},
  author={Cheng, Simon and Long, J Scott},
  journal={Sociological methods \& research},
  volume={35},
  number={4},
  pages={583--600},
  year={2007},
  publisher={Sage Publications Sage CA: Los Angeles, CA}
}

@article{chester2016one,
  title={“One slowly loses everything”: Development and debt in San Antonio Aguas Calientes},
  author={Chester, Winston C and Alam, Bhuiyan Monwar and Haase, Dwight},
  journal={World Development Perspectives},
  volume={4},
  pages={24--29},
  year={2016},
  publisher={Elsevier}
}

@article{chikalipah2017determines,
  title={What determines financial inclusion in Sub-Saharan Africa?},
  author={Chikalipah, Sydney},
  journal={African Journal of Economic and Management Studies},
  year={2017},
  publisher={Emerald Publishing Limited}
}

@article{chirinko2000testing,
  title={Testing static tradeoff against pecking order models of capital structure: a critical comment},
  author={Chirinko, Robert S and Singha, Anuja R},
  journal={Journal of financial economics},
  volume={58},
  number={3},
  pages={417--425},
  year={2000},
  publisher={Elsevier}
}

@incollection{armendariz2011mission,
  title={On mission drift in microfinance institutions},
  author={Armendariz, Beatriz and Szafarz, Ariane},
  booktitle={The handbook of microfinance},
  pages={341--366},
  year={2011},
  publisher={World Scientific}
}

@article{claessens2002corporate,
  title={Corporate governance in Asia: A survey},
  author={Claessens, Stijn and Fan, Joseph PH},
  journal={International Review of finance},
  volume={3},
  number={2},
  pages={71--103},
  year={2002},
  publisher={Wiley Online Library}
}

@article{claessens2002disentangling,
  title={Disentangling the incentive and entrenchment effects of large shareholdings},
  author={Claessens, Stijn and Djankov, Simeon and Fan, Joseph PH and Lang, Larry HP},
  journal={The Journal of Finance},
  volume={57},
  number={6},
  pages={2741--2771},
  year={2002},
  publisher={Wiley Online Library}
}

@article{claessens2003financial,
  title={Financial development, property rights, and growth},
  author={Claessens, Stijn and Laeven, Luc},
  journal={The Journal of Finance},
  volume={58},
  number={6},
  pages={2401--2436},
  year={2003},
  publisher={Wiley Online Library}
}

@article{clark2015should,
  title={Should I use fixed or random effects},
  author={Clark, Tom S and Linzer, Drew A and others},
  journal={Political science research and methods},
  volume={3},
  number={2},
  pages={399--408},
  year={2015}
}

@article{cobb2016funding,
  title={Funding financial inclusion: Institutional logics and the contextual contingency of funding for microfinance organizations},
  author={Cobb, J Adam and Wry, Tyler and Zhao, Eric Yanfei},
  journal={Academy of Management Journal},
  volume={59},
  number={6},
  pages={2103--2131},
  year={2016},
  publisher={Academy of Management Briarcliff Manor, NY}
}

@article{constantinou2011financial,
  title={Financial crisis: Lessons from microfinance},
  author={Constantinou, Dinos and Ashta, Arvind},
  journal={Strategic Change: Briefings in Entrepreneurial Finance},
  volume={20},
  number={5/6},
  pages={187--203},
  year={2011}
}

@article{demirguc2017financial,
  title={Financial inclusion and inclusive growth: A review of recent empirical evidence},
  author={Demirguc-Kunt, Asli and Klapper, Leora and Singer, Dorothe},
  year={2017},
  publisher={The World Bank}
}

@article{cook2014data,
  title={Data envelopment analysis: Prior to choosing a model},
  author={Cook, Wade D and Tone, Kaoru and Zhu, Joe},
  journal={Omega},
  volume={44},
  pages={1--4},
  year={2014},
  publisher={Elsevier}
}

@article{cosci2015role,
  title={The Role of Banks as Producers of Information: Can It Survive Competition and Cross-Selling Incentives?},
  author={Cosci, Stefania and Meliciani, Valentina and Sabato, Valentina and others},
  journal={Review of Economics \& Finance},
  volume={5},
  pages={60--77},
  year={2015},
  publisher={Better Advances Press, Canada}
}

@article{cozarenco2016type,
  title={What type of microfinance institutions supply savings products?},
  author={Cozarenco, Anastasia and Hudon, Marek and Szafarz, Ariane},
  journal={Economics Letters},
  volume={140},
  pages={57--59},
  year={2016},
  publisher={Elsevier}
}

@article{cramer2002origins,
  title={The origins of logistic regression},
  author={Cramer, Jan Salomon},
  year={2002},
  publisher={Tinbergen Institute Working Paper}
}

@article{creedy2018types,
  title={Types of Microfinance Organisation: A taxonomy.},
  author={Creedy, John and Hoang, Hien TT},
  journal={Third Sector Review},
  volume={24},
  number={2},
  year={2018}
}

@article{cremers2005governance,
  title={Governance mechanisms and equity prices},
  author={Cremers, KJ Martijn and Nair, Vinay B},
  journal={The Journal of Finance},
  volume={60},
  number={6},
  pages={2859--2894},
  year={2005},
  publisher={Wiley Online Library}
}

@article{creswell2009research,
  title={Research design: Qualitative and mixed methods approaches},
  author={Creswell, John W and others},
  journal={London and Thousand Oaks: Sage Publications},
  year={2009}
}

@article{croux2003implementing,
  title={Implementing the Bianco and Yohai estimator for logistic regression},
  author={Croux, Christophe and Haesbroeck, Gentiane},
  journal={Computational statistics \& data analysis},
  volume={44},
  number={1-2},
  pages={273--295},
  year={2003},
  publisher={Elsevier}
}

@article{croux2002breakdown,
  title={The breakdown behavior of the maximum likelihood estimator in the logistic regression model},
  author={Croux, Christophe and Flandre, Cecile and Haesbroeck, Gentiane},
  journal={Statistics \& Probability Letters},
  volume={60},
  number={4},
  pages={377--386},
  year={2002},
  publisher={Elsevier}
}

@article{cull2011does,
  title={Does regulatory supervision curtail microfinance profitability and outreach?},
  author={Cull, Robert and Demirgucc-Kunt, Asli and Morduch, Jonathan},
  journal={World Development},
  volume={39},
  number={6},
  pages={949--965},
  year={2011},
  publisher={Elsevier}
}

@article{cull2018microfinance,
  title={The microfinance business model: Enduring subsidy and modest profit},
  author={Cull, Robert and Demirgucc-Kunt, Asli and Morduch, Jonathan},
  journal={The World Bank Economic Review},
  volume={32},
  number={2},
  pages={221--244},
  year={2018},
  publisher={Oxford University Press}
}

@article{cullinane2006technical,
  title={The technical efficiency of container ports: Comparing data envelopment analysis and stochastic frontier analysis},
  author={Cullinane, Kevin and Wang, Teng-Fei and Song, Dong-Wook and Ji, Ping},
  journal={Transportation Research Part A: Policy and Practice},
  volume={40},
  number={4},
  pages={354--374},
  year={2006},
  publisher={Elsevier}
}

@article{czepiel2002maximum,
  title={Maximum likelihood estimation of logistic regression models: theory and implementation},
  author={Czepiel, Scott A},
  journal={Available at czep. net/stat/mlelr. pdf},
  pages={1825252548--1564645290},
  year={2002},
  publisher={Citeseer}
}

@article{d2017ngos,
  title={From NGOs to banks: Does institutional transformation alter the business model of microfinance institutions?},
  author={D’Espallier, Bert and Goedecke, Jann and Hudon, Marek and Mersland, Roy},
  journal={World Development},
  volume={89},
  pages={19--33},
  year={2017},
  publisher={Elsevier}
}

@article{d2013unsubsidized,
  title={Unsubsidized microfinance institutions},
  author={D’Espallier, Bert and Hudon, Marek and Szafarz, Ariane},
  journal={Economics Letters},
  volume={120},
  number={2},
  pages={174--176},
  year={2013},
  publisher={Elsevier}
}

@article{d2017aid,
  title={Aid volatility and social performance in microfinance},
  author={D’Espallier, Bert and Hudon, Marek and Szafarz, Ariane},
  journal={Nonprofit and Voluntary Sector Quarterly},
  volume={46},
  number={1},
  pages={116--140},
  year={2017},
  publisher={Sage Publications Sage CA: Los Angeles, CA}
}

@article{tina2002institutional,
  title={Institutional theory and institutional change: Introduction to the special research forum},
  author={Tina Dacin, M and Goodstein, Jerry and Richard Scott, W},
  journal={Academy of management journal},
  volume={45},
  number={1},
  pages={45--56},
  year={2002},
  publisher={Academy of Management Briarcliff Manor, NY 10510}
}

@article{daher2013microfinance,
  title={Microfinance and financial performance},
  author={Daher, Lama and Le Saout, Erwan},
  journal={Strategic Change},
  volume={22},
  number={1-2},
  pages={31--45},
  year={2013},
  publisher={John Wiley \& Sons, Ltd. Chichester, UK}
}

@article{dallas2011short,
  title={Short-termism, the financial crisis, and corporate governance},
  author={Dallas, Lynne L},
  journal={J. Corp. L.},
  volume={37},
  pages={265},
  year={2011},
  publisher={HeinOnline}
}

@book{morduch2005economics,
  title={The economics of microfinance},
  author={Morduch, Jonathan and Armendariz, Beatriz},
  year={2005},
  publisher={mit Press}
}

@article{de2011firms,
  title={Firms’ debt--equity decisions when the static tradeoff theory and the pecking order theory disagree},
  author={De Jong, Abe and Verbeek, Marno and Verwijmeren, Patrick},
  journal={Journal of Banking \& Finance},
  volume={35},
  number={5},
  pages={1303--1314},
  year={2011},
  publisher={Elsevier}
}

@article{deangelo2015stable,
  title={How stable are corporate capital structures?},
  author={DeAngelo, Harry and Roll, Richard},
  journal={The Journal of Finance},
  volume={70},
  number={1},
  pages={373--418},
  year={2015},
  publisher={Wiley Online Library}
}

@book{demirguc2018global,
  title={The Global Findex Database 2017: Measuring financial inclusion and the fintech revolution},
  author={Demirguc-Kunt, Asli and Klapper, Leora and Singer, Dorothe and Ansar, Saniya and Hess, Jake},
  year={2018},
  publisher={The World Bank}
}

@article{dempsey2014m,
  title={The M odigliani and M iller Propositions: The History of a Failed Foundation for Corporate Finance?},
  author={Dempsey, Mike},
  journal={Abacus},
  volume={50},
  number={3},
  pages={279--295},
  year={2014},
  publisher={Wiley Online Library}
}

@article{demsetz2001ownership,
  title={Ownership structure and corporate performance},
  author={Demsetz, Harold and Villalonga, Belen},
  journal={Journal of corporate finance},
  volume={7},
  number={3},
  pages={209--233},
  year={2001},
  publisher={Elsevier}
}

@article{demski1978economic,
  title={Economic incentives in budgetary control systems},
  author={Demski, Joel S and Feltham, Gerald A},
  journal={Accounting Review},
  pages={336--359},
  year={1978},
  publisher={JSTOR}
}

@article{detthamrong2017corporate,
  title={Corporate governance, capital structure and firm performance: Evidence from Thailand},
  author={Detthamrong, Umawadee and Chancharat, Nongnit and Vithessonthi, Chaiporn},
  journal={Research in International Business and Finance},
  volume={42},
  pages={689--709},
  year={2017},
  publisher={Elsevier}
}

@article{diakoulaki1995determining,
  title={Determining objective weights in multiple criteria problems: The critic method},
  author={Diakoulaki, Danae and Mavrotas, George and Papayannakis, Lefteris},
  journal={Computers \& Operations Research},
  volume={22},
  number={7},
  pages={763--770},
  year={1995},
  publisher={Elsevier}
}

@article{diamond1996financial,
  title={Financial intermediation as delegated monitoring: A simple example},
  author={Diamond, Douglas W},
  journal={FRB Richmond Economic Quarterly},
  volume={82},
  number={3},
  pages={51--66},
  year={1996}
}

@article{dieckmann2007microfinance,
  title={Microfinance: An emerging investment opportunity},
  author={Dieckmann, Raimar and Speyer, Bernhard and Ebling, Martina and Walter, Norbert},
  journal={Deutsche Bank Research},
  volume={19},
  pages={1--20},
  year={2007}
}

@book{powell2012new,
  title={Introduction},
  booktitle={The new institutionalism in organizational analysis},
  author={Powell, Walter W and DiMaggio, Paul J},
  editor={Powell, Walter W and DiMaggio, Paul J},
  year={2012},
  publisher={University of Chicago press}
}

@incollection{maggio1991,
  title={Introduction},
  author={DiMaggio, P. and Powell, W.},
  booktitle={The new institutionalism and organizational analysis},
  pages={1--38},
  year={1991},
  city={Chicago},
  publisher={University of Chicago Press}
}

@article{doidge2004us,
  title={US cross-listings and the private benefits of control: evidence from dual-class firms},
  author={Doidge, Craig},
  journal={Journal of financial economics},
  volume={72},
  number={3},
  pages={519--553},
  year={2004},
  publisher={Elsevier}
}

@book{donaldson2000corporate,
  title={Corporate debt capacity: A study of corporate debt policy and the determination of corporate debt capacity},
  author={Donaldson, Gordon},
  year={2000},
  publisher={Beard Books}
}

@article{dorfleitner2017microfinance,
  title={Why do microfinance institutions fail socially? A global empirical examination},
  author={Dorfleitner, Gregor and Priberny, Christopher and Rohe, Michaela},
  journal={Finance Research Letters},
  volume={22},
  pages={81--89},
  year={2017},
  publisher={Elsevier}
}

@article{dorfleitner2017access,
  title={The access of microfinance institutions to debt capital: An empirical investigation of microfinance investment vehicles},
  author={Dorfleitner, Gregor and Rohe, Michaela and Renier, Noemie},
  journal={The Quarterly Review of Economics and Finance},
  volume={65},
  pages={1--15},
  year={2017},
  publisher={Elsevier}
}

@article{marron2013governing,
  title={Governing poverty in a neoliberal age: new labour and the case of financial exclusion},
  author={Marron, Donncha},
  journal={New Political Economy},
  volume={18},
  number={6},
  pages={785--810},
  year={2013},
  publisher={Taylor \& Francis}
}


@article{duvendack2015mis,
  title={(Mis) use of evidence in microfinance programming in the global south: a critique},
  author={Duvendack, Maren and Maclean, Kate},
  journal={Contemporary Social Science},
  volume={10},
  number={2},
  pages={202--211},
  year={2015},
  publisher={Taylor \& Francis}
}

@article{dyck2004private,
  title={Private benefits of control: An international comparison},
  author={Dyck, Alexander and Zingales, Luigi},
  journal={The Journal of Finance},
  volume={59},
  number={2},
  pages={537--600},
  year={2004},
  publisher={Wiley Online Library}
}

@incollection{easterly2003imf,
  title={IMF and World Bank structural adjustment programs and poverty},
  author={Easterly, William},
  booktitle={Managing currency crises in emerging markets},
  pages={361--392},
  year={2003},
  publisher={University of Chicago Press}
}

@article{edmans2014blockholders,
  title={Blockholders and corporate governance},
  author={Edmans, Alex},
  journal={Annu. Rev. Financ. Econ.},
  volume={6},
  number={1},
  pages={23--50},
  year={2014},
  publisher={Annual Reviews}
}

@article{efendic2017social,
  title={The social and financial efficiency of microfinance institutions: the case of Bosnia and Herzegovina},
  author={Efendic, Velid and Hadziahmetovic, Nejra},
  journal={South East European Journal of Economics and Business (Online)},
  volume={12},
  number={2},
  pages={85--101},
  year={2017},
  publisher={University of Sarajevo, School of Economics and Business}
}

@book{ehrhardt2016corporate,
  title={Corporate finance: A focused approach},
  author={Ehrhardt, Michael C and Brigham, Eugene F},
  year={2016},
  publisher={Cengage learning}
}

@article{eisenhardt1985control,
  title={Control: Organizational and economic approaches},
  author={Eisenhardt, Kathleen M},
  journal={Management science},
  volume={31},
  number={2},
  pages={134--149},
  year={1985},
  publisher={INFORMS}
}

@article{eisenhardt1988agency,
  title={Agency and institutional explanations of compensation in retail sales},
  author={Eisenhardt, Kathleen M},
  journal={Academy of Management journal},
  volume={31},
  number={3},
  pages={488--511},
  year={1988}
}

@article{eisenhardt1989agency,
  title={Agency theory: An assessment and review},
  author={Eisenhardt, Kathleen M},
  journal={Academy of management review},
  volume={14},
  number={1},
  pages={57--74},
  year={1989},
  publisher={Academy of Management Briarcliff Manor, NY 10510}
}

@article{elabed2015compound,
  title={Compound-risk aversion, ambiguity and the willingness to pay for microinsurance},
  author={Elabed, Ghada and Carter, Michael R},
  journal={Journal of Economic Behavior \& Organization},
  volume={118},
  pages={150--166},
  year={2015},
  publisher={Elsevier}
}

@article{eling2014determinants,
  title={The determinants of microinsurance demand},
  author={Eling, Martin and Pradhan, Shailee and Schmit, Joan T},
  journal={The Geneva Papers on Risk and Insurance-Issues and Practice},
  volume={39},
  number={2},
  pages={224--263},
  year={2014},
  publisher={Springer}
}

@article{elsas2015dynamic,
  title={Dynamic capital structure adjustment and the impact of fractional dependent variables},
  author={Elsas, Ralf and Florysiak, David},
  journal={Journal of Financial and Quantitative Analysis},
  pages={1105--1133},
  year={2015},
  publisher={JSTOR}
}

@article{elsas2014financing,
  title={Financing major investments: Information about capital structure decisions},
  author={Elsas, Ralf and Flannery, Mark J and Garfinkel, Jon A},
  journal={Review of Finance},
  volume={18},
  number={4},
  pages={1341--1386},
  year={2014},
  publisher={Oxford University Press}
}

@article{engstrom2017financial,
  title={Financial literacy, role models, and micro-enterprise performance in the informal economy},
  author={Engstrom, Pontus and McKelvie, Alexander},
  journal={International Small Business Journal},
  volume={35},
  number={7},
  pages={855--875},
  year={2017},
  publisher={SAGE Publications Sage UK: London, England}
}

@article{fall2018dea,
  title={DEA and SFA research on the efficiency of microfinance institutions: A meta-analysis},
  author={Fall, Franccois and Akim, Al-mouksit and Wassongma, Harouna},
  journal={World Development},
  volume={107},
  pages={176--188},
  year={2018},
  publisher={Elsevier}
}

@article{fama1983agency,
  title={Agency problems and residual claims},
  author={Fama, Eugene F and Jensen, Michael C},
  journal={The journal of law and Economics},
  volume={26},
  number={2},
  pages={327--349},
  year={1983},
  publisher={The University of Chicago Press}
}

@article{fama2002testing,
  title={Testing trade-off and pecking order predictions about dividends and debt},
  author={Fama, Eugene F and French, Kenneth R},
  journal={The review of financial studies},
  volume={15},
  number={1},
  pages={1--33},
  year={2002},
  publisher={Oxford University Press}
}

@article{fama2008agency,
  title={Agency Problems and Residual Claims', Journal of Law and Economics, XXVI (2), June, 327-49},
  author={Fama, EF and Jensen, MC},
  journal={INTERNATIONAL LIBRARY OF CRITICAL WRITINGS IN ECONOMICS},
  volume={214},
  number={3},
  pages={365},
  year={2008},
  publisher={EDWARD ELGAR PUBLISHING LTD}
}

@article{fama1980agency,
  title={Agency problems and the theory of the firm},
  author={Fama, Eugene F},
  journal={Journal of political economy},
  volume={88},
  number={2},
  pages={288--307},
  year={1980},
  publisher={The University of Chicago Press}
}

@article{farrel1957measurement,
  title={The measurement of Productive efficiency. Journal of the Royal Statistical Society. Series A, General 125},
  author={Farrel, J},
  journal={Part},
  number={2},
  pages={252},
  year={1957}
}

@article{fauver2003capital,
  title={Capital market development, international integration, legal systems, and the value of corporate diversification: A cross-country analysis},
  author={Fauver, Larry and Houston, Joel and Naranjo, Andy},
  journal={Journal of Financial and Quantitative Analysis},
  pages={135--157},
  year={2003},
  publisher={JSTOR}
}

@article{fenton2017role,
  title={The role of microfinance in household livelihood adaptation in Satkhira District, Southwest Bangladesh},
  author={Fenton, Adrian and Paavola, Jouni and Tallontire, Anne},
  journal={World Development},
  volume={92},
  pages={192--202},
  year={2017},
  publisher={Elsevier}
}

@book{fernando2004micro,
  title={Micro success story?: transformation of nongovernment organizations into regulated financial institutions},
  author={Fernando, Nimal A},
  year={2004},
  publisher={Asian Development Bank}
}

@incollection{ferreira2017own,
  title={Own and sibling effects of conditional cash transfer programs: theory and evidence from Cambodia1},
  author={Ferreira, Francisco HG and Filmer, Deon and Schady, Norbert},
  booktitle={Research on economic inequality},
  year={2017},
  publisher={Emerald Publishing Limited}
}

@article{fethi2010assessing,
  title={Assessing bank efficiency and performance with operational research and artificial intelligence techniques: A survey},
  author={Fethi, Meryem Duygun and Pasiouras, Fotios},
  journal={European journal of operational research},
  volume={204},
  number={2},
  pages={189--198},
  year={2010},
  publisher={Elsevier}
}

@article{field2013does,
  title={Does the classic microfinance model discourage entrepreneurship among the poor? Experimental evidence from India},
  author={Field, Erica and Pande, Rohini and Papp, John and Rigol, Natalia},
  journal={American Economic Review},
  volume={103},
  number={6},
  pages={2196--2226},
  year={2013}
}

@incollection{forkusam2014does,
  title={Does Financial Globalization Affect Microfinance Mission Drift?},
  author={Forkusam, Akem Noela},
  booktitle={Microfinance Institutions},
  pages={79--98},
  year={2014},
  publisher={Springer}
}

@article{fosu2013capital,
  title={Capital structure, product market competition and firm performance: Evidence from South Africa},
  author={Fosu, Samuel},
  journal={The Quarterly Review of Economics and Finance},
  volume={53},
  number={2},
  pages={140--151},
  year={2013},
  publisher={Elsevier}
}

@article{frank2008stemming,
  title={Stemming the tide of mission drift: microfinance transformations and the double bottom line},
  author={Frank, Christina and Lynch, Elizabeth and Schneider-Moretto, Louise},
  journal={Women’s World Banking Focus Note},
  volume={4},
  number={1},
  pages={1--24},
  year={2008}
}

@book{churchill2012making,
  title={Making microfinance work: managing product diversification},
  author={Churchill, Craig and Frankiewicz, Cheryl},
  year={2012},
  publisher={International Labour Office}
}

@article{frydman2010ceo,
  title={CEO compensation},
  author={Frydman, Carola and Jenter, Dirk},
  journal={Annu. Rev. Financ. Econ.},
  volume={2},
  number={1},
  pages={75--102},
  year={2010},
  publisher={Annual Reviews}
}

@article{board2017assessment,
  title={Assessment of shadow banking activities, risks and the adequacy of post-crisis policy tools to address financial stability concerns},
  author={Board, Financial Stability},
  journal={July, Basel},
  year={2017}
}

@article{kenya2012transforming,
  title={Transforming Microfinance in Kenya: The experience of Faulu Kenya and Kenya Women Finance Trust},
  author={Kenya, Financial Sector Deepening},
  journal={The Journal of FSD Kenya},
  year={2012}
}

@article{gajjala2016financial,
  title={Financial services to the poor: the microfinance dilemma in Andhra Pradesh},
  author={Gajjala, Venkataramana and Gajjala, Radhika},
  journal={Development in Practice},
  volume={26},
  number={7},
  pages={828--839},
  year={2016},
  publisher={Taylor \& Francis}
}

@article{ganle2015microcredit,
  title={Microcredit: Empowerment and disempowerment of rural women in Ghana},
  author={Ganle, John Kuumuori and Afriyie, Kwadwo and Segbefia, Alexander Yao},
  journal={World Development},
  volume={66},
  pages={335--345},
  year={2015},
  publisher={Elsevier}
}

@article{garmaise2013cheap,
  title={Cheap credit, lending operations, and international politics: The case of global microfinance},
  author={Garmaise, Mark J and Natividad, Gabriel},
  journal={The Journal of Finance},
  volume={68},
  number={4},
  pages={1551--1576},
  year={2013},
  publisher={Wiley Online Library}
}

@article{garvey1999capital,
  title={Capital structure and corporate control: The effect of antitakeover statutes on firm leverage},
  author={Garvey, Gerald T and Hanka, Gordon},
  journal={The Journal of Finance},
  volume={54},
  number={2},
  pages={519--546},
  year={1999},
  publisher={Wiley Online Library}
}

@article{ghosh2013microfinance,
  title={Microfinance and the challenge of financial inclusion for development},
  author={Ghosh, Jayati},
  journal={Cambridge Journal of Economics},
  volume={37},
  number={6},
  pages={1203--1219},
  year={2013},
  publisher={Oxford University Press UK}
}

@article{gill2011effect,
  title={The effect of capital structure on profitability: Evidence from the United States},
  author={Gill, Amarjit and Biger, Nahum and Mathur, Neil},
  journal={International Journal of Management},
  volume={28},
  number={4},
  pages={3},
  year={2011},
  publisher={International Journal of Management}
}

@inproceedings{ginting2019hate,
  title={Hate Speech Detection on Twitter Using Multinomial Logistic Regression Classification Method},
  author={Ginting, Purnama Sari Br and Irawan, Budhi and Setianingsih, Casi},
  booktitle={2019 IEEE International Conference on Internet of Things and Intelligence System (IoTaIS)},
  pages={105--111},
  year={2019},
  organization={IEEE}
}

@article{glegg2018corporate,
  title={Corporate social responsibility and the wealth gains from dividend increases},
  author={Glegg, Charmaine and Harris, Oneil and Ngo, Thanh},
  journal={Review of Financial Economics},
  volume={36},
  number={2},
  pages={149--166},
  year={2018},
  publisher={Wiley Online Library}
}

@article{mettenheim2013back,
  title={Back to basics in banking theory and varieties of finance capitalism},
  author={Mettenheim, Kurt},
  journal={Accounting, Economics, and Law: A Convivium},
  volume={3},
  number={3},
  pages={357--405},
  year={2013},
  publisher={De Gruyter}
}

@techreport{goedecke2016measurement,
  title={On the Measurement of Social Performance in Microfinance},
  author={Goedecke, Jann and D’Espallier, Bert and Mersland, Roy and Leuven, KU},
  year={2016},
  institution={Working Paper, KU Leuven}
}

@article{goergen2003levels,
  title={Why are the levels of control (so) different in German and UK companies? Evidence from initial public offerings},
  author={Goergen, Marc and Renneboog, Luc},
  journal={Journal of Law, Economics, and Organization},
  volume={19},
  number={1},
  pages={141--175},
  year={2003},
  publisher={Oxford University Press}
}

@article{goktan2015explanation,
  title={On the explanation of the Lucas Paradox},
  author={Goktan, Mehmet Gokhan},
  journal={Economics Letters},
  volume={137},
  pages={109--113},
  year={2015},
  publisher={Elsevier}
}

@article{gorzalczany2016multi,
  title={A multi-objective genetic optimization for fast, fuzzy rule-based credit classification with balanced accuracy and interpretability},
  author={Gorzalczany, Marian B and Rudzinski, Filip},
  journal={Applied Soft Computing},
  volume={40},
  pages={206--220},
  year={2016},
  publisher={Elsevier}
}

@book{greenbaum2019contemporary,
  title={Contemporary financial intermediation},
  author={Greenbaum, Stuart I and Thakor, Anjan V and Boot, Arnoud WA},
  year={2019},
  publisher={Academic Press}
}

@article{gropp2010determinants,
  title={The determinants of bank capital structure},
  author={Gropp, Reint and Heider, Florian},
  journal={Review of finance},
  volume={14},
  number={4},
  pages={587--622},
  year={2010},
  publisher={Oxford University Press}
}

@book{gujarati2012econometrics,
  title={Econometrics by example},
  author={Gujarati, Damodar},
  year={2012},
  publisher={Macmillan}
}

@article{gutierrez2009social,
  title={Social efficiency in microfinance institutions},
  author={Gutierrez-Nieto, Begona and Serrano-Cinca, Carlos and Mar Molinero, Cecilio},
  journal={Journal of the operational research society},
  volume={60},
  number={1},
  pages={104--119},
  year={2009},
  publisher={Taylor \& Francis}
}

@article{gutierrez2007microfinance,
  title={Microfinance institutions and efficiency},
  author={Gutierrez-Nieto, Begona and Serrano-Cinca, Carlos and Molinero, Cecilio Mar},
  journal={Omega},
  volume={35},
  number={2},
  pages={131--142},
  year={2007},
  publisher={Elsevier}
}

@article{gutierrez201920,
  title={20 years of research in microfinance: An information management approach},
  author={Gutierrez-Nieto, Begona and Serrano-Cinca, Carlos},
  journal={International Journal of Information Management},
  volume={47},
  pages={183--197},
  year={2019},
  publisher={Elsevier}
}

@article{gwatidzo2009corporate,
  title={Corporate capital structure determinants: evidence for five African countries},
  author={Gwatidzo, Tendai and Ojah, Kalu},
  journal={African Finance Journal},
  volume={11},
  number={1},
  pages={1--23},
  year={2009},
  publisher={Sabinet}
}

@book{hacking1983representing,
  title={Representing and intervening: Introductory topics in the philosophy of natural science},
  author={Hacking, Ian and Hacking, Jan and others},
  year={1983},
  publisher={Cambridge university press}
}

@article{hamid2015capital,
  title={Capital structure and profitability in family and non-family firms: Malaysian evidence},
  author={Hamid, Masdiah Abdul and Abdullah, Azizah and Kamaruzzaman, Nur Atiqah},
  journal={Procedia Economics and Finance},
  volume={31},
  pages={44--55},
  year={2015},
  publisher={Elsevier}
}

@book{hansen2004reconsidering,
  title={Reconsidering informality: Perspectives from urban Africa},
  author={Hansen, Karen Tranberg and Vaa, Mariken},
  year={2004},
  publisher={Nordic Africa Institute}
}

@article{haq2010efficiency,
  title={Efficiency of microfinance institutions: A data envelopment analysis},
  author={Haq, Mamiza and Skully, Michael and Pathan, Shams},
  journal={Asia-Pacific Financial Markets},
  volume={17},
  number={1},
  pages={63--97},
  year={2010},
  publisher={Springer}
}

@article{hartarska2012governance,
  title={Which governance mechanisms promote efficiency in reaching poor clients? Evidence from rated microfinance institutions},
  author={Hartarska, Valentina and Mersland, Roy},
  journal={European Financial Management},
  volume={18},
  number={2},
  pages={218--239},
  year={2012},
  publisher={Wiley Online Library}
}

@article{hartarska2007regulated,
  title={Do regulated microfinance institutions achieve better sustainability and outreach? Cross-country evidence},
  author={Hartarska, Valentina and Nadolnyak, Denis},
  journal={Applied Economics},
  volume={39},
  number={10},
  pages={1207--1222},
  year={2007},
  publisher={Taylor \& Francis}
}

@incollection{hassan2018religious,
  title={Religious preference and financial inclusion: the case for Islamic finance},
  author={Hassan, M Kabir and Hossain, Shadiya and Unsal, Omer},
  booktitle={Management of Islamic Finance: Principle, Practice, and Performance},
  year={2018},
  publisher={Emerald Publishing Limited}
}

@article{hauser2011predicting,
  title={Predicting bankruptcy with robust logistic regression},
  author={Hauser, Richard P and Booth, David},
  journal={Journal of Data Science},
  volume={9},
  number={4},
  pages={565--584},
  year={2011},
  publisher={中華資料採礦協會}
}

@article{hazarika2008household,
  title={Household access to microcredit and child work in rural Malawi},
  author={Hazarika, Gautam and Sarangi, Sudipta},
  journal={World Development},
  volume={36},
  number={5},
  pages={843--859},
  year={2008},
  publisher={Elsevier}
}

@article{hedeker2003mixed,
  title={A mixed-effects multinomial logistic regression model},
  author={Hedeker, Donald},
  journal={Statistics in Medicine},
  volume={22},
  number={9},
  pages={1433--1446},
  year={2003},
  publisher={Wiley Online Library}
}

@article{hermes2018determinants,
  title={Determinants of the performance of microfinance institutions: A systematic review},
  author={Hermes, Niels and Hudon, Marek},
  journal={Journal of economic surveys},
  volume={32},
  number={5},
  pages={1483--1513},
  year={2018},
  publisher={Wiley Online Library}
}

@article{hermes2011outreach,
  title={Outreach and efficiency of microfinance institutions},
  author={Hermes, Niels and Lensink, Robert and Meesters, Aljar},
  journal={World Development},
  volume={39},
  number={6},
  pages={938--948},
  year={2011},
  publisher={Elsevier}
}

@inproceedings{hirsch1986collaboration,
  title={Collaboration or Paradigm Shift?: Economic vs. Behavioral Thinking About Policy?},
  author={Hirsch, Paul and Friedman, Ray},
  booktitle={Academy of Management Proceedings},
  volume={1986},
  number={1},
  pages={31--35},
  year={1986},
  organization={Academy of Management Briarcliff Manor, NY 10510}
}

@article{hishigsuren2006transformation,
  title={Transformation of Micro-finance Operations from NGO to Regulated MFI},
  author={Hishigsuren, Gaamaa},
  journal={IDEAS, USA},
  year={2006}
}

@article{hishigsuren2007evaluating,
  title={Evaluating mission drift in microfinance: lessons for programs with social mission},
  author={Hishigsuren, Gaamaa},
  journal={Evaluation Review},
  volume={31},
  number={3},
  pages={203--260},
  year={2007},
  publisher={Sage Publications Sage CA: Los Angeles, CA}
}

@article{holderness1988role,
  title={The role of majority shareholders in publicly held corporations: An exploratory analysis},
  author={Holderness, Clifford G and Sheehan, Dennis P},
  journal={Journal of financial economics},
  volume={20},
  pages={317--346},
  year={1988},
  publisher={Elsevier}
}

@article{holod2011resolving,
  title={Resolving the deposit dilemma: A new DEA bank efficiency model},
  author={Holod, Dmytro and Lewis, Herbert F},
  journal={Journal of Banking \& Finance},
  volume={35},
  number={11},
  pages={2801--2810},
  year={2011},
  publisher={Elsevier}
}

@article{hoque2011commercialization,
  title={Commercialization and changes in capital structure in microfinance institutions: An innovation or wrong turn?},
  author={Hoque, Monzurul and Chishty, Muhammad and Halloway, Rashid},
  journal={Managerial Finance},
  year={2011},
  publisher={Emerald Group Publishing Limited}
}

@book{hosmer2013applied,
  title={Applied logistic regression},
  author={Hosmer Jr, David W and Lemeshow, Stanley and Sturdivant, Rodney X},
  volume={398},
  year={2013},
  publisher={John Wiley \& Sons}
}

@article{huang2010political,
  title={Political institutions and financial development: an empirical study},
  author={Huang, Yongfu},
  journal={World Development},
  volume={38},
  number={12},
  pages={1667--1677},
  year={2010},
  publisher={Elsevier}
}

@article{hudon2010management,
  title={Management of microfinance institutions: Do subsidies matter?},
  author={Hudon, Marek},
  journal={Journal of International Development},
  volume={22},
  number={7},
  pages={890--905},
  year={2010},
  publisher={Wiley Online Library}
}

@article{hudon2011efficiency,
  title={On the efficiency effects of subsidies in microfinance: An empirical inquiry},
  author={Hudon, Marek and Traca, Daniel},
  journal={World Development},
  volume={39},
  number={6},
  pages={966--973},
  year={2011},
  publisher={Elsevier}
}

@book{huguenin2012data,
  title={Data Envelopment Analysis (DEA): a pedagogical guide for decision makers in the public sector},
  author={Huguenin, J-M},
  volume={276},
  year={2012},
  publisher={Institut de hautes etudes en administration publique}
}

@article{ikpesu2019growth,
  title={Growth effect of trade and investment in Sub-Saharan Africa countries: Empirical insight from panel corrected standard error (PCSE) technique},
  author={Ikpesu, Fredrick and Vincent, Olusegun and Dakare, Olamitunji},
  journal={Cogent Economics \& Finance},
  volume={7},
  number={1},
  pages={1607127},
  year={2019},
  publisher={Cogent OA}
}

@article{im2015profits,
  title={Profits and outreach to the poor: The institutional logics of microfinance institutions},
  author={Im, Junyon and Sun, Sunny Li},
  journal={Asia Pacific Journal of Management},
  volume={32},
  number={1},
  pages={95--117},
  year={2015},
  publisher={Springer}
}

@article{iman2018mobile,
  title={Is mobile payment still relevant in the fintech era?},
  author={Iman, Nofie},
  journal={Electronic Commerce Research and Applications},
  volume={30},
  pages={72--82},
  year={2018},
  publisher={Elsevier}
}

@article{data2016access,
  title={Access to Macroeconomic \& Financial Data},
  author={Data, IMF},
  journal={IMF Datasets. IMF, nd Web},
  volume={26},
  year={2016}
}

@incollection{abeysekera2014sustainability,
  title={Sustainability and Mission Drift: Do Microfinance Institutions in Vietnam Reach the Poor?},
  author={Abeysekera, Sarath and Oguzoglu, Umut and Le, Thanh Tam},
  booktitle={Microfinance Institutions},
  pages={99--118},
  year={2014},
  publisher={Springer}
}

@book{espinosa2020measuring,
  title={Measuring Financial Access: 10 Years of the IMF Financial Access Survey},
  author={Espinosa-Vega, Marco A and Shirono, Ms Kazuko and Villanova, Mr Hector Carcel and Chhabra, MissEsha and Das, Ms Bidisha and Fan, Ms Yingjie},
  year={2020},
  publisher={International Monetary Fund}
}

@article{gobat2017banksmatter,
  title={Banks: At the heart of the matter},
  author={Gobat, J.},
  journal={Finance and Development},
  volume={44},
  number={2},
  pages={56--57},
  year={2007},
  publisher={IMF \& INT BANK OF RECONSTRUCTION AND DEVELOPMENT}
}

@article{fd2017,
  title={Banking on Change},
  author={Griffoli, T.M.},
  journal={Finance and Development},
  volume={54},
  number={1},
  pages={26--29},
  year={2017}
}

@article{iofrida2018can,
  title={Can social research paradigms justify the diversity of approaches to social life cycle assessment?},
  author={Iofrida, Nathalie and De Luca, Anna Irene and Strano, Alfio and Gulisano, Giovanni},
  journal={The International Journal of Life Cycle Assessment},
  volume={23},
  number={3},
  pages={464--480},
  year={2018},
  publisher={Springer}
}

@article{jensen1992simultaneous,
  title={Simultaneous determination of insider ownership, debt, and dividend policies},
  author={Jensen, Gerald R and Solberg, Donald P and Zorn, Thomas S},
  journal={Journal of Financial and Quantitative analysis},
  pages={247--263},
  year={1992},
  publisher={JSTOR}
}


@article{jensen1976theory,
  title={Theory of the firm: Managerial behavior, agency costs and ownership structure},
  author={Jensen, Michael C and Meckling, William H},
  journal={Journal of financial economics},
  volume={3},
  number={4},
  pages={305--360},
  year={1976},
  publisher={Elsevier}
}

@article{jensen1983organization,
  title={Organization theory and methodology},
  author={Jensen, Michael C},
  journal={Accounting review},
  pages={319--339},
  year={1983},
  publisher={JSTOR}
}

@article{jia2016commercialization,
  title={Commercialization and mission drift: Evidence from a large Chinese microfinance institution},
  author={Jia, Xiangping and Cull, Robert and Guo, Pei and Ma, Tao},
  journal={China Economic Review},
  volume={40},
  pages={17--32},
  year={2016},
  publisher={Elsevier}
}

@article{johnson2013microfinance,
  title={From microfinance to inclusive financial markets: the challenge of social regulation},
  author={Johnson, Susan},
  journal={Oxford Development Studies},
  volume={41},
  number={sup1},
  pages={S35--S52},
  year={2013},
  publisher={Taylor \& Francis}
}

@article{johnson2002property,
  title={Property rights and finance},
  author={Johnson, Simon and McMillan, John and Woodruff, Christopher},
  journal={American Economic Review},
  volume={92},
  number={5},
  pages={1335--1356},
  year={2002}
}

@article{jonassen1991objectivism,
  title={Objectivism versus constructivism: Do we need a new philosophical paradigm?},
  author={Jonassen, David H},
  journal={Educational technology research and development},
  volume={39},
  number={3},
  pages={5--14},
  year={1991},
  publisher={Springer}
}

@article{genoe2011james,
  title={James Burnham, The Managerial Revolution, and the development of management theory in post-war America},
  author={Genoe McLaren, Patricia},
  journal={Management \& Organizational History},
  volume={6},
  number={4},
  pages={411--423},
  year={2011},
  publisher={SAGE Publications Sage UK: London, England}
}

@article{kaidi2019financial,
  title={Financial development, institutional quality and poverty reduction: worldwide evidence},
  author={Kaidi, Nasreddine and Mensi, Sami and Amor, Mehdi Ben},
  journal={Social Indicators Research},
  volume={141},
  number={1},
  pages={131--156},
  year={2019},
  publisher={Springer}
}

@article{kampstra2008beanplot,
  title={Beanplot: A boxplot alternative for visual comparison of distributions},
  author={Kampstra, Peter and others},
  journal={Journal of statistical software},
  volume={28},
  number={1},
  pages={1--9},
  year={2008}
}

@article{kar2012does,
  title={Does capital and financing structure have any relevance to the performance of microfinance institutions?},
  author={Kar, Ashim Kumar},
  journal={International Review of Applied Economics},
  volume={26},
  number={3},
  pages={329--348},
  year={2012},
  publisher={Taylor \& Francis}
}

@article{kar2013mission,
  title={Mission drift in microfinance: are the concerns really worrying? Recent cross-country results},
  author={Kar, Ashim Kumar},
  journal={International Review of Applied Economics},
  volume={27},
  number={1},
  pages={44--60},
  year={2013},
  publisher={Taylor \& Francis}
}

@article{kar2016measuring,
  title={Measuring competition in microfinance markets: a new approach},
  author={Kar, Ashim Kumar},
  journal={International Review of Applied Economics},
  volume={30},
  number={4},
  pages={423--440},
  year={2016},
  publisher={Taylor \& Francis}
}

@article{kaufmann2011worldwide,
  title={The Worldwide Governance Indicators: Methodology and Analytical Issues1},
  author={Kaufmann, Daniel and Kraay, Aart and Mastruzzi, Massimo},
  journal={Hague journal on the rule of law},
  volume={3},
  number={2},
  pages={220--246},
  year={2011},
  publisher={Cambridge University Press}
}

@article{kent2013bankers,
  title={Bankers at the gate: Microfinance and the high cost of borrowed logics},
  author={Kent, Derin and Dacin, M Tina},
  journal={Journal of Business Venturing},
  volume={28},
  number={6},
  pages={759--773},
  year={2013},
  publisher={Elsevier}
}

@article{kersten2017small,
  title={Small Firms, large Impact? A systematic review of the SME Finance Literature},
  author={Kersten, Renate and Harms, Job and Liket, Kellie and Maas, Karen},
  journal={World Development},
  volume={97},
  pages={330--348},
  year={2017},
  publisher={Elsevier}
}

@article{khachatryan2017performance,
  title={Performance and capital structure of microfinance institutions in Eastern Europe and Central Asia},
  author={Khachatryan, Knar and Hartarska, Valentina and Grigoryan, Aleksandr},
  journal={Eastern European Economics},
  volume={55},
  number={5},
  pages={395--419},
  year={2017},
  publisher={Taylor \& Francis}
}

@article{kim1986evidence,
  title={Evidence on the impact of the agency costs of debt on corporate debt policy},
  author={Kim, Wi Saeng and Sorensen, Eric H},
  journal={Journal of Financial and quantitative analysis},
  pages={131--144},
  year={1986},
  publisher={JSTOR}
}

@book{kimmel2018financial,
  title={Financial accounting: Tools for business decision making},
  author={Kimmel, Paul D and Weygandt, Jerry J and Kieso, Donald E},
  year={2018},
  publisher={John Wiley \& Sons}
}

@article{kimmitt2017entrepreneurship,
  title={Entrepreneurship and financial inclusion through the lens of instrumental freedoms},
  author={Kimmitt, Jonathan and Munoz, Pablo},
  journal={International Small Business Journal},
  volume={35},
  number={7},
  pages={803--828},
  year={2017},
  publisher={SAGE Publications Sage UK: London, England}
}

@article{klapper2015role,
  title={The role of informal financial services in Africa},
  author={Klapper, Leora and Singer, Dorothe},
  journal={Journal of African Economies},
  volume={24},
  number={suppl\_1},
  pages={i12--i31},
  year={2015},
  publisher={Oxford University Press}
}

@book{kleinbaum2002logistic,
  title={Logistic regression},
  author={Kleinbaum, David G and Dietz, K and Gail, M and Klein, Mitchel and Klein, Mitchell},
  year={2002},
  publisher={Springer}
}

@article{kodongo2013individual,
  title={Individual lending versus group lending: An evaluation with Kenya's microfinance data},
  author={Kodongo, Odongo and Kendi, Lilian G},
  journal={Review of Development Finance},
  volume={3},
  number={2},
  pages={99--108},
  year={2013},
  publisher={Elsevier}
}

@article{kodongo2015capital,
  title={Capital structure, profitability and firm value: panel evidence of listed firms in Kenya},
  author={Kodongo, Odongo and Mokoaleli-Mokoteli, Thabang and Maina, Leonard N},
  journal={African Finance Journal},
  volume={17},
  number={1},
  pages={1--20},
  year={2015},
  publisher={AfricaGrowth Institute}
}

@article{kodres2017shadowbanking,
  title={Shadow banking: Out of the eyes of regulators},
  author={Kodres, L.},
  journal={Finance and Development},
  volume={44},
  number={2},
  pages={52--53},
  year={2017},
  publisher={IMF \& INT BANK OF RECONSTRUCTION AND DEVELOPMENT}
}

@article{kota2007microfinance,
  title={Microfinance: Banking for the poor},
  author={Kota, Ina},
  journal={Finance and Development},
  volume={44},
  number={2},
  pages={44},
  year={2007},
  publisher={IMF \& INT BANK OF RECONSTRUCTION AND DEVELOPMENT}
}

@book{kumbhakar2015practitioner,
  title={A practitioner's guide to stochastic frontier analysis using Stata},
  author={Kumbhakar, Subal C and Wang, Hongren and Horncastle, Alan P},
  year={2015},
  publisher={Cambridge University Press}
}

@article{kunvcivc2014institutional,
  title={Institutional quality dataset},
  author={Kunvcivc, Aljavz},
  journal={Journal of Institutional Economics},
  volume={10},
  number={1},
  pages={135--161},
  year={2014},
  publisher={Cambridge University Press}
}

@article{kurshev2015firm,
  title={Firm size and capital structure},
  author={Kurshev, Alexander and Strebulaev, Ilya A},
  journal={Quarterly Journal of Finance},
  volume={5},
  number={03},
  pages={1550008},
  year={2015},
  publisher={World Scientific}
}

@article{kuzey2021link,
  title={The link between institutional quality, ethical behaviors of firms, and market regulations on stock market developments},
  author={Kuzey, Cemil and Uyar, Ali and Hamrouni, Amal and Kilic, Merve and Boussaada, Rim},
  journal={Managerial and Decision Economics},
  year={2021},
  publisher={Wiley Online Library}
}

@article{kwak2002multinomial,
  title={Multinomial logistic regression},
  author={Kwak, Chanyeong and Clayton-Matthews, Alan},
  journal={Nursing research},
  volume={51},
  number={6},
  pages={404--410},
  year={2002},
  publisher={LWW}
}

@article{kwoka1985herfindahl,
  title={The Herfindahl index in theory and practice},
  author={Kwoka Jr, John E},
  journal={Antitrust Bull.},
  volume={30},
  pages={915},
  year={1985},
  publisher={HeinOnline}
}

@article{kyereboah2007determinants,
  title={The determinants of capital structure of microfinance institutions in Ghana},
  author={Kyereboah-Coleman, Anthony},
  journal={South African Journal of Economic and Management Sciences},
  volume={10},
  number={2},
  pages={270--279},
  year={2007},
  publisher={AOSIS}
}

@article{kyereboah2007impact,
  title={The impact of capital structure on the performance of microfinance institutions},
  author={Kyereboah-Coleman, Anthony},
  journal={The Journal of Risk Finance},
  year={2007},
  publisher={Emerald Group Publishing Limited}
}

@incollection{la2013law,
  title={Law and finance after a decade of research},
  author={La Porta, Rafael and Lopez-de-Silanes, Florencio and Shleifer, Andrei},
  booktitle={Handbook of the Economics of Finance},
  volume={2},
  pages={425--491},
  year={2013},
  publisher={Elsevier}
}

@incollection{la2006new,
  title={A new conception of microfinance},
  author={La Torre, Mario},
  booktitle={Microfinance},
  pages={1--19},
  year={2006},
  publisher={Springer}
}

@article{labie2015discrimination,
  title={Discrimination by microcredit officers: Theory and evidence on disability in Uganda},
  author={Labie, Marc and Meon, Pierre-Guillaume and Mersland, Roy and Szafarz, Ariane},
  journal={The Quarterly Review of Economics and Finance},
  volume={58},
  pages={44--55},
  year={2015},
  publisher={Elsevier}
}

@article{lam2020reciprocity,
  title={Reciprocity between financial and social performance in microfinance institutions},
  author={Lam, Swee-Sum and Zhang, Weina and Ang, Achsah X and Jacob, Gabriel H},
  journal={Public Performance \& Management Review},
  volume={43},
  number={1},
  pages={206--231},
  year={2020},
  publisher={Taylor \& Francis}
}

@techreport{lauer2008transforming,
  title={Transforming NGO MFIs: Critical ownership issues to consider},
  author={Lauer, Kate},
  year={2008},
  institution={The World Bank}
}

@article{abbas2020commercial,
  title={How commercial banks adjust capital ratios: Empirical evidence from the USA?‎},
  author={Abbas, Faisal and Ali, Shoaib and Yousaf, Imran and Rizwan, Sohail},
  journal={Cogent Business \& Management},
  volume={7},
  number={1},
  pages={1859848},
  year={2020},
  publisher={Taylor \& Francis}
}


@article{le2017capital,
  title={Capital structure and firm performance: Empirical evidence from a small transition country},
  author={Le, Thi Phuong Vy and Phan, Thi Bich Nguyet},
  journal={Research in international business and finance},
  volume={42},
  pages={710--726},
  year={2017},
  publisher={Elsevier}
}

@article{leach2012global,
  title={The global financial crisis has led to a slowdown in growth of funding to improve health in many developing countries},
  author={Leach-Kemon, Katherine and Chou, David P and Schneider, Matthew T and Tardif, Annette and Dieleman, Joseph L and Brooks, Benjamin PC and Hanlon, Michael and Murray, Christopher JL},
  journal={Health Affairs},
  volume={31},
  number={1},
  pages={228--235},
  year={2012}
}

@article{lebovics2016financial,
  title={Are financial and social efficiency mutually exclusive? A case study of Vietnamese microfinance institutions},
  author={Lebovics, Maxime and Hermes, Niels and Hudon, Marek},
  journal={Annals of Public and cooperative Economics},
  volume={87},
  number={1},
  pages={55--77},
  year={2016},
  publisher={Wiley Online Library}
}

@book{ledgerwood1998microfinance,
  title={Microfinance handbook: An institutional and financial perspective},
  author={Ledgerwood, Joann},
  year={1998},
  publisher={The World Bank}
}

@book{ledgerwood2006transforming,
  title={Transforming microfinance institutions: providing full financial services to the poor},
  author={Ledgerwood, Joanna and White, Victoria},
  year={2006},
  publisher={The World Bank}
}

@article{leite2019profit,
  title={To profit or not to profit? Assessing financial sustainability outcomes of microfinance institutions},
  author={Leite, Rodrigo de Oliveira and Mendes, Layla dos Santos and Sacramento, Luiz Claudio},
  journal={International Journal of Finance \& Economics},
  volume={24},
  number={3},
  pages={1287--1299},
  year={2019},
  publisher={Wiley Online Library}
}

@book{levine1999stock,
  title={Stock market development and financial intermediaries: stylized facts},
  author={Levine, Ross and Demirgurc-Kunt, Asli},
  year={1999},
  publisher={The World Bank}
}

@article{lin2011does,
  title={Does debt affect firm value in Taiwan? A panel threshold regression analysis},
  author={Lin, Feng-Li and Chang, Tsangyao},
  journal={Applied Economics},
  volume={43},
  number={1},
  pages={117--128},
  year={2011},
  publisher={Taylor \& Francis}
}

@article{lins2003equity,
  title={Equity ownership and firm value in emerging markets},
  author={Lins, Karl V},
  journal={Journal of financial and quantitative analysis},
  pages={159--184},
  year={2003},
  publisher={JSTOR}
}

@book{lipczynski2005industrial,
  title={Industrial organization: competition, strategy, policy},
  author={Lipczynski, John and Wilson, John OS and Goddard, John A},
  year={2005},
  publisher={Pearson Education}
}

@article{liu2017optimal,
  title={Optimal capital structure and credit spread under incomplete information},
  author={Liu, Bo and Liu, Yang and Peng, Juan and Yang, Jinqiang},
  journal={International Review of Economics \& Finance},
  volume={49},
  pages={596--611},
  year={2017},
  publisher={Elsevier}
}

@article{lopatta2016microfinance,
  title={Do microfinance institutions fulfil their promise? Evidence from cross-country data},
  author={Lopatta, K and Tchikov, M},
  journal={Applied Economics},
  volume={48},
  number={18},
  pages={1655--1677},
  year={2016},
  publisher={Taylor \& Francis}
}

@article{lopatta2017sustainable,
  title={Sustainable development and microfinance: the effect of outreach and profitability on microfinance institutions' development mission},
  author={Lopatta, Kerstin and Tchikov, Magdalena and Jaeschke, Reemda and Lodhia, Sumit},
  journal={Sustainable Development},
  volume={25},
  number={5},
  pages={386--399},
  year={2017},
  publisher={Wiley Online Library}
}

@article{louis2013profit,
  title={Do for-profit microfinance institutions achieve better financial efficiency and social impact? A generalised estimating equations panel data approach},
  author={Louis, Philippe and Baesens, Bart},
  journal={Journal of Development Effectiveness},
  volume={5},
  number={3},
  pages={359--380},
  year={2013},
  publisher={Taylor \& Francis}
}

@article{louis2013financial,
  title={Financial efficiency and social impact of microfinance institutions using self-organizing maps},
  author={Louis, Philippe and Seret, Alex and Baesens, Bart},
  journal={World Development},
  volume={46},
  pages={197--210},
  year={2013},
  publisher={Elsevier}
}

@article{lund2017global,
  title={Global finance resets},
  author={Lund, S and Harle, Ph},
  journal={Finance \& development},
  pages={42--44},
  year={2017}
}

@article{lutzenkirchen2012microfinance,
  title={Microfinance in evolution: An industry between crisis and advancement},
  author={Lutzenkirchen, Cedric and Weistroffer, Christian and Speyer, B},
  journal={Deutsche Bank Research},
  volume={13},
  year={2012}
}

@incollection{maake2015m,
  title={M-Powering: How Mobile Money (M-PESA) Services Promote Realization of a Digital Society in the Kenyan Government},
  author={Maake, Benard Magara and Oino, Naftal Nyarangi and Awuor, Fredrick Mzee},
  booktitle={Emerging Issues and Prospects in African E-Government},
  pages={97--107},
  year={2015},
  publisher={IGI Global}
}

@incollection{mader2015financialization,
  title={The financialization of poverty},
  author={Mader, Philip},
  booktitle={The Political Economy of Microfinance},
  pages={78--120},
  year={2015},
  publisher={Springer}
}

@article{mafukata2017reciprocal,
  title={Reciprocal relationship of social capital and microfinance activities in Nyanga, Zimbabwe},
  author={Mafukata, Mavhungu and Dhlandhlara, Willie and Kancheya, Grace},
  journal={Development in Practice},
  volume={27},
  number={1},
  pages={77--89},
  year={2017},
  publisher={Taylor \& Francis}
}

@incollection{manos2014determinants,
  title={Determinants of performance in the microfinance industry: The role of culture},
  author={Manos, Ronny and Tsytrinbaum, Leonid},
  booktitle={Microfinance Institutions},
  pages={53--78},
  year={2014},
  publisher={Springer}
}

@article{marconatto2016going,
  title={Going beyond microfinance fuzziness},
  author={Marconatto, Diego and Cruz, Luciano Barin and Pedrozo, Eugenio Avila},
  journal={Journal of Cleaner Production},
  volume={115},
  pages={5--22},
  year={2016},
  publisher={Elsevier}
}

@article{margaritis2007capital,
  title={Capital structure and firm efficiency},
  author={Margaritis, Dimitris and Psillaki, Maria},
  journal={Journal of Business Finance \& Accounting},
  volume={34},
  number={9-10},
  pages={1447--1469},
  year={2007},
  publisher={Wiley Online Library}
}

@inproceedings{marom2010using,
  title={Using the confusion matrix for improving ensemble classifiers},
  author={Marom, Nadav David and Rokach, Lior and Shmilovici, Armin},
  booktitle={2010 IEEE 26-th Convention of Electrical and Electronics Engineers in Israel},
  pages={000555--000559},
  year={2010},
  organization={IEEE}
}

@article{marti2016financial,
  title={Financial regulation and social welfare: The critical contribution of management theory},
  author={Marti, Emilio and Scherer, Andreas Georg},
  journal={Academy of Management Review},
  volume={41},
  number={2},
  pages={298--323},
  year={2016},
  publisher={Academy of Management Briarcliff Manor, NY}
}

@article{martinez2017coercive,
  title={Coercive, normative and mimetic isomorphism as determinants of the voluntary assurance of sustainability reports},
  author={Martinez-Ferrero, Jennifer and Garcia-Sanchez, Isabel-Maria},
  journal={International Business Review},
  volume={26},
  number={1},
  pages={102--118},
  year={2017},
  publisher={Elsevier}
}

@article{mathuva2017achieving,
  title={Achieving legitimacy through co-operative governance and social and environmental disclosure by credit unions in a developing country},
  author={Mathuva, David M and Mboya, Josephat K and McFie, James B},
  journal={Journal of Applied Accounting Research},
  year={2017},
  publisher={Emerald Publishing Limited}
}

@article{matias2017there,
  title={Are there reliable determinant factors of capital structure decisions? Empirical study of SMEs in different regions of Portugal},
  author={Matias, Fernanda and Serrasqueiro, Zelia},
  journal={Research in International Business and Finance},
  volume={40},
  pages={19--33},
  year={2017},
  publisher={Elsevier}
}

@article{mcconnell1990additional,
  title={Additional evidence on equity ownership and corporate value},
  author={McConnell, John J and Servaes, Henri},
  journal={Journal of Financial economics},
  volume={27},
  number={2},
  pages={595--612},
  year={1990},
  publisher={Elsevier}
}

@article{meador2017food,
  title={Food security in rural Uganda: assessing latent effects of microfinance on pre-participation},
  author={Meador, John and Fritz, Andrew},
  journal={Development in Practice},
  volume={27},
  number={3},
  pages={340--353},
  year={2017},
  publisher={Taylor \& Francis}
}

@article{meagher2006microfinance,
  title={Microfinance regulation in seven countries: A comparative study},
  author={Meagher, Patrick and Campos, Pilar and Christen, Robert Peck and Druschel, Kate and Gallardo, Joselito and Martowijoyo, Sumantoro},
  journal={Sa-Dhan. New Delhi},
  year={2006}
}

@article{meeks2013shadow,
  title={Shadow banks and macroeconomic instability},
  author={Meeks, Roland and Nelson, Benjamin and Alessandri, Piergiorgio},
  journal={Bank of Italy Temi di Discussione (Working Paper) No},
  volume={939},
  year={2013}
}

@article{meeusen1977technical,
  title={Technical efficiency and dimension of the firm: Some results on the use of frontier production functions},
  author={Meeusen, Wim and van den Broeck, Jurgen},
  journal={Empirical economics},
  volume={2},
  number={2},
  pages={109--122},
  year={1977},
  publisher={Springer}
}

@article{mehran1995executive,
  title={Executive compensation structure, ownership, and firm performance},
  author={Mehran, Hamid},
  journal={Journal of financial economics},
  volume={38},
  number={2},
  pages={163--184},
  year={1995},
  publisher={Elsevier}
}

@article{mersland2009performance,
  title={Performance and governance in microfinance institutions},
  author={Mersland, Roy and Strom, R Oystein},
  journal={Journal of Banking and Finance},
  volume={33},
  number={4},
  pages={662--669},
  year={2009},
  publisher={Elsevier}
}

@incollection{mersland2014microfinance,
  title={Microfinance Financial and Social Performance: An Introduction},
  author={Mersland, Roy and Strom, R Oystein},
  booktitle={Microfinance Institutions},
  pages={1--11},
  year={2014},
  publisher={Springer}
}

@article{mersland2009cost,
  title={The cost of ownership in microfinance organizations},
  author={Mersland, Roy},
  journal={World Development},
  volume={37},
  number={2},
  pages={469--478},
  year={2009},
  publisher={Elsevier}
}

@article{mersland2011governance,
  title={The governance of non-profit micro finance institutions: lessons from history},
  author={Mersland, Roy},
  journal={Journal of management \& governance},
  volume={15},
  number={3},
  pages={327--348},
  year={2011},
  publisher={Springer}
}

@article{mersland2010microfinance,
  title={Microfinance mission drift?},
  author={Mersland, Roy and Strom, R Oystein},
  journal={World Development},
  volume={38},
  number={1},
  pages={28--36},
  year={2010},
  publisher={Elsevier}
}

@article{meyer1977institutionalized,
  title={Institutionalized organizations: Formal structure as myth and ceremony},
  author={Meyer, John W and Rowan, Brian},
  journal={American journal of sociology},
  volume={83},
  number={2},
  pages={340--363},
  year={1977},
  publisher={University of Chicago Press}
}

@article{mia2017mission,
  title={Mission drift and ethical crisis in microfinance institutions: What matters?},
  author={Mia, Md Aslam and Lee, Hwok-Aun},
  journal={Journal of Cleaner Production},
  volume={164},
  pages={102--114},
  year={2017},
  publisher={Elsevier}
}

@article{miao2005optimal,
  title={Optimal capital structure and industry dynamics},
  author={Miao, Jianjun},
  journal={The Journal of Finance},
  volume={60},
  number={6},
  pages={2621--2659},
  year={2005},
  publisher={Wiley Online Library}
}

@misc{market2014global,
  title={Global Outreach \& Financial. Performance Benchmark Report-2014},
  author={Market, MIX},
  year={2014},
  publisher={The Microfinance Information Exchange},
  url={Recuperado de http://www. themix. org/mixmarket/publications/2014-global~…}
}

@misc{market2017global,
  title={Global Outreach \& Financial. Performance Benchmark Report-2015},
  author={Market, MIX},
  year={2015},
  publisher={The Microfinance Information Exchange},
  url = {https://www.themix.org/publications/2015-global-outreach-and-financial-performance-benchmark-report}
}

@article{de2007economics,
  title={The economics of microfinance},
  author={De Aghion, Beatriz Armendariz and Armendariz, Beatriz and Morduch, Jonathan},
  year={2007},
  publisher={MIT press}
}

@article{miller2011angel,
  title={Angel agents: Agency theory reconsidered},
  author={Miller, Danny and Sardais, Cyrille},
  journal={Academy of Management Perspectives},
  volume={25},
  number={2},
  pages={6--13},
  year={2011},
  publisher={Academy of Management Briarcliff Manor, NY}
}

@incollection{morduch2019challenges,
  title={The challenges of social investment through the lens of microfinance},
  author={Morduch, Jonathan and Ogden, Timothy},
  booktitle={A Research Agenda for Financial Inclusion and Microfinance},
  year={2019},
  publisher={Edward Elgar Publishing}
}

@article{morduch2000microfinance,
  title={The microfinance schism},
  author={Morduch, Jonathan},
  journal={World Development},
  volume={28},
  number={4},
  pages={617--629},
  year={2000},
  publisher={Elsevier}
}

@article{morduch1999microfinance,
  title={The microfinance promise},
  author={Morduch, Jonathan},
  journal={Journal of Economic Literature},
  volume={37},
  number={4},
  pages={1569--1614},
  year={1999}
}

@article{mori2014boards,
  title={Boards in microfinance institutions: how do stakeholders matter?},
  author={Mori, Neema and Mersland, Roy},
  journal={Journal of Management \& Governance},
  volume={18},
  number={1},
  pages={285--313},
  year={2014},
  publisher={Springer}
}

@phdthesis{moyo2013modelling,
  title={Modelling the capital structure of manufacturing, mining and retail firms listed on the Johannesburg Stock Exchange},
  author={Moyo, Vusani and others},
  year={2013},
  school={University of Pretoria}
}

@article{muriu2016microfinance,
  title={Do microfinance profits converge? Pan-African evidence},
  author={Muriu, Peter W},
  journal={Journal of Economics and Sustainable Development},
  volume={7},
  number={16},
  pages={38--55},
  year={2016}
}

@article{jensen1990performance,
  title={Performance pay and top-management incentives},
  author={Jensen, Michael C and Murphy, Kevin J},
  journal={Journal of political economy},
  volume={98},
  number={2},
  pages={225--264},
  year={1990},
  publisher={The University of Chicago Press}
}

@article{myers1984corporate,
  title={Corporate financing and investment decisions when firms have information that investors do not have},
  author={Myers, Stewart C and Majluf, Nicholas S},
  journal={Journal of financial economics},
  volume={13},
  number={2},
  pages={187--221},
  year={1984},
  publisher={Elsevier}
}

@misc{myers1984capital,
  title={Capital structure puzzle},
  author={Myers, Stewart C},
  year={1984},
  publisher={National Bureau of Economic Research Cambridge, Mass., USA}
}

@article{myers2001capital,
  title={Capital structure},
  author={Myers, Stewart C},
  journal={Journal of Economic perspectives},
  volume={15},
  number={2},
  pages={81--102},
  year={2001}
}

@article{nason2018behavioral,
  title={A behavioral theory of social performance: Social identity and stakeholder expectations},
  author={Nason, Robert S and Bacq, Sophie and Gras, David},
  journal={Academy of Management Review},
  volume={43},
  number={2},
  pages={259--283},
  year={2018},
  publisher={Academy of Management Briarcliff Manor, NY}
}

@article{ndungumorales2017,
  title={Cashing in on the digital economy},
  author={Ndung'u, N. and A. Morales and L. Ndirangu},
  journal={Finance and Development},
  volume={44},
  number={2},
  pages={14--17},
  year={2017},
  publisher={IMF \& INT BANK OF RECONSTRUCTION AND DEVELOPMENT}
}

@article{newman2017microfinance,
  title={Microfinance and entrepreneurship: An introduction},
  author={Newman, Alexander and Schwarz, Susan and Ahlstrom, David},
  journal={International Small Business Journal},
  volume={35},
  number={7},
  pages={787--792},
  year={2017},
  publisher={Sage Publications Sage UK: London, England}
}

@article{nurmakhanova2015trade,
  title={Trade-off between financial sustainability and outreach of microfinance institutions},
  author={Nurmakhanova, Mira and Kretzschmar, Gavin and Fedhila, Hassouna},
  journal={Eurasian Economic Review},
  volume={5},
  number={2},
  pages={231--250},
  year={2015},
  publisher={Springer}
}

@article{o2017systematic,
  title={A systematic review of microfinance and women’s health literature: Directions for future research},
  author={O’Malley, TL and Burke, JG},
  journal={Global public health},
  volume={12},
  number={11},
  pages={1433--1460},
  year={2017},
  publisher={Taylor \& Francis}
}

@article{ombati2016effects,
  title={Effects of financing and institutional constraints on capital structure of firms in select African countries},
  author={Ombati, Steven and Ojah, Kalu},
  journal={African Finance Journal},
  volume={18},
  number={2},
  pages={1--44},
  year={2016},
  publisher={AfricaGrowth Institute}
}

@article{ojah2016effects,
  title={Effects of financing and institutional constraints on capital structure of firms in select African countries},
  author={Ombati, Steven and Ojah, Kalu},
  journal={African Finance Journal},
  volume={18},
  number={2},
  pages={1--44},
  year={2016},
  publisher={AfricaGrowth Institute}
}

@misc{scott2004institutional,
  title={Institutional theory in Encyclopedia of Social Theory by George Ritzer, ed. Pp: 408-414},
  author={Scott, W Richard},
  year={2004},
  publisher={Thousand Oaks, CA: Sage}
}

@article{ramus2017,
  title={Stakeholders matter: How social enterprises address mission drift},
  author={Ramus, Tommaso and Vaccaro, Antonino},
  journal={Journal of Business Ethics},
  volume={143},
  number={2},
  pages={307--322},
  year={2017},
  publisher={Multidisciplinary Digital Publishing Institute}
}

@article{ojah2009debt,
  title={Debt markets and corporate debt structure in an emerging market: The South African example},
  author={Ojah, Kalu and Pillay, Kishan},
  journal={Economic Modelling},
  volume={26},
  number={6},
  pages={1215--1227},
  year={2009},
  publisher={Elsevier}
}

@techreport{asadullah2021access,
  title={Access to microfinance and female labour force participation},
  author={Asadullah, M Niaz and Shreya, Nudrat Faria and Wahhaj, Zaki and others},
  year={2021},
  institution={World Institute for Development Economic Research (UNU-WIDER)}
}

@article{onyuma2005myths,
  title={Myths of microfinance as a panacea for poverty eradication and women empowerment},
  author={Onyuma, Samuel O and Shem, Alfred Ouma},
  journal={Savings and Development},
  pages={199--222},
  year={2005},
  publisher={JSTOR}
}

@incollection{ayyagari2013financing,
  title={Financing in developing countries},
  author={Ayyagari, Meghana and Demirguc-Kunt, Asli and Maksimovic, Vojislav},
  booktitle={Handbook of the Economics of Finance},
  volume={2},
  pages={683--757},
  year={2013},
  publisher={Elsevier}
}

@book{masters2007spoon,
  title={Spoon River Anthology: Literary Touchstone Classic},
  author={Masters, Edgar Lee},
  year={2007},
  publisher={Prestwick House Inc}
}

@article{mckillop2011credit,
title = {Credit unions: A theoretical and empirical overview},
author = {McKillop, Donal and Wilson, John OS},
journal = {Financial Markets, Institutions \& Instruments},
volume = {20},
number = {3},
pages = {79--123},
year = {2011},
publisher = {Wiley Online Library}
}

@article{dichter1996questioning,
  title={Questioning the future of NGOs in microfinance},
  author={Dichter, Thomas W},
  journal={Journal of International Development},
  volume={8},
  number={2},
  pages={259--269},
  year={1996},
  publisher={Wiley Online Library}
}

@article{ostry2016neoliberalism,
  title={Neoliberalism: oversold},
  author={Ostry, Jonathan D and Loungani, Prakash and Furceri, Davide},
  journal={Finance \& development},
  volume={53},
  number={2},
  pages={38--41},
  year={2016},
  publisher={Available online at}
}

@article{ostry2017,
  title={Neoliberalism: Oversold?},
  author={Ostry, J. and Loungani, P. and Furceri, D.},
  journal={Finance and Development},
  volume={44},
  number={2},
  pages={38-41},
  year={2017},
  publisher={International Monetary Fund}
}

@article{ouma2017mobile,
  title={Mobile financial services and financial inclusion: Is it a boon for savings mobilization?},
  author={Ouma, Shem Alfred and Odongo, Teresa Maureen and Were, Maureen},
  journal={Review of development finance},
  volume={7},
  number={1},
  pages={29--35},
  year={2017},
  publisher={Elsevier}
}

@article{pagano1998choice,
  title={The choice of stock ownership structure: Agency costs, monitoring, and the decision to go public},
  author={Pagano, Marco and Roell, Ailsa},
  journal={The Quarterly Journal of Economics},
  volume={113},
  number={1},
  pages={187--225},
  year={1998},
  publisher={MIT Press}
}

@article{paprocki2016selling,
  title={‘Selling our own skin:’Social dispossession through microcredit in rural Bangladesh},
  author={Paprocki, Kasia},
  journal={Geoforum},
  volume={74},
  pages={29--38},
  year={2016},
  publisher={Elsevier}
}

@book{paradi2017data,
  title={Data envelopment analysis in the financial services industry: A guide for practitioners and analysts working in operations research using DEA},
  author={Paradi, Joseph C and Sherman, H David and Tam, Fai Keung},
  volume={266},
  year={2017},
  publisher={Springer}
}

@article{pashkova2016business,
  title={Business Management Models of Microfinance Institutions (MFIs) in Africa: A Study into Their Enabling Environments},
  author={Pashkova, Nadya and Trujillo-Barrera, Andres and Apostolakis, George and Van Dijk, Gert and Drakos, Periklis D and Baourakis, George},
  journal={International Journal of Food and Beverage Manufacturing and Business Models (IJFBMBM)},
  volume={1},
  number={2},
  pages={63--82},
  year={2016},
  publisher={IGI Global}
}

@article{christen2001commercialization,
  title={Commercialization and mission drift},
  author={Christen, Robert Peck},
  journal={Occasional paper},
  volume={5},
  year={2001}
}

@techreport{peck2001commercialization,
  title={Commercialization and mission drift: the transformation of microfinance in Latin America},
  author={Peck Christen, Robert and Cook, Tamara},
  year={2001},
  institution={The World Bank}
}

@article{pepper2015behavioral,
  title={Behavioral agency theory: New foundations for theorizing about executive compensation},
  author={Pepper, Alexander and Gore, Julie},
  journal={Journal of management},
  volume={41},
  number={4},
  pages={1045--1068},
  year={2015},
  publisher={Sage Publications Sage CA: Los Angeles, CA}
}

@article{perilleux2012surplus,
  title={Surplus distribution in microfinance: Differences among cooperative, nonprofit, and shareholder forms of ownership},
  author={Perilleux, Anais and Hudon, Marek and Bloy, Eddy},
  journal={Nonprofit and Voluntary Sector Quarterly},
  volume={41},
  number={3},
  pages={386--404},
  year={2012},
  publisher={Sage Publications Sage CA: Los Angeles, CA}
}

@article{perrow1986complex,
  title={Complex organizations},
  author={Perrow, Charles},
  journal={A critical essay (3rd ed.). Glcnview. lL: Scott-Forcs},
  year={1986}
}

@article{pesaran1995estimating,
  title={Estimating long-run relationships from dynamic heterogeneous panels},
  author={Pesaran, M Hashem and Smith, Ron},
  journal={Journal of econometrics},
  volume={68},
  number={1},
  pages={79--113},
  year={1995},
  publisher={Elsevier}
}

@article{phillips2007bias,
  title={Bias in dynamic panel estimation with fixed effects, incidental trends and cross section dependence},
  author={Phillips, Peter CB and Sul, Donggyu},
  journal={Journal of Econometrics},
  volume={137},
  number={1},
  pages={162--188},
  year={2007},
  publisher={Elsevier}
}

@article{pitt1998impact,
  title={The impact of group-based credit programs on poor households in Bangladesh: Does the gender of participants matter?},
  author={Pitt, Mark M and Khandker, Shahidur R},
  journal={Journal of political economy},
  volume={106},
  number={5},
  pages={958--996},
  year={1998},
  publisher={The University of Chicago Press}
}

@article{platteau2017demand,
  title={The demand for microinsurance: A literature review},
  author={Platteau, Jean-Philippe and De Bock, Ombeline and Gelade, Wouter},
  journal={World Development},
  volume={94},
  pages={139--156},
  year={2017},
  publisher={Elsevier}
}

@article{quayes2012depth,
  title={Depth of outreach and financial sustainability of microfinance institutions},
  author={Quayes, Shakil},
  journal={Applied Economics},
  volume={44},
  number={26},
  pages={3421--3433},
  year={2012},
  publisher={Taylor \& Francis}
}

@article{raihan2017macro,
  title={The macro impact of microfinance in Bangladesh: A CGE analysis},
  author={Raihan, Selim and Osmani, SR and Khalily, MA Baqui},
  journal={Economic Modelling},
  volume={62},
  pages={1--15},
  year={2017},
  publisher={Elsevier}
}

@article{ramus2017stakeholders,
  title={Stakeholders matter: How social enterprises address mission drift},
  author={Ramus, Tommaso and Vaccaro, Antonino},
  journal={Journal of Business Ethics},
  volume={143},
  number={2},
  pages={307--322},
  year={2017},
  publisher={Springer}
}

@article{rawlings2005evaluating,
  title={Evaluating the impact of conditional cash transfer programs},
  author={Rawlings, Laura B and Rubio, Gloria M},
  journal={The World Bank Research Observer},
  volume={20},
  number={1},
  pages={29--55},
  year={2005},
  publisher={Oxford University Press}
}

@book{rhyne1999microfinance,
  title={Microfinance enters the marketplace},
  author={Rhyne, Elisabeth and Christen, Robert},
  year={1999},
  publisher={Citeseer}
}

@book{ritzer2004encyclopedia,
  title={Encyclopedia of social theory},
  author={Ritzer, George},
  year={2004},
  publisher={Sage publications}
}

@article{roberts2010designing,
  title={Designing incentives in organizations},
  author={Roberts, John},
  journal={Journal of Institutional Economics},
  volume={6},
  number={1},
  pages={125},
  year={2010},
  publisher={Cambridge University Press}
}

@incollection{roberts2013endogeneity,
  title={Endogeneity in empirical corporate finance1},
  author={Roberts, Michael R and Whited, Toni M},
  booktitle={Handbook of the Economics of Finance},
  volume={2},
  pages={493--572},
  year={2013},
  publisher={Elsevier}
}

@article{roberts2013profit,
  title={The profit orientation of microfinance institutions and effective interest rates},
  author={Roberts, Peter W},
  journal={World Development},
  volume={41},
  pages={120--131},
  year={2013},
  publisher={Elsevier}
}

@article{rode2019blended,
  title={Why ‘blended finance’could help transitions to sustainable landscapes: Lessons from the Unlocking Forest Finance project},
  author={Rode, Julian and Pinzon, Alexandra and Stabile, Marcelo CC and Pirker, Johannes and Bauch, Simone and Iribarrem, Alvaro and Sammon, Paul and Llerena, Carlos A and Alves, Lincoln Muniz and Orihuela, Carlos E and others},
  journal={Ecosystem Services},
  volume={37},
  pages={100917},
  year={2019},
  publisher={Elsevier}
}

@techreport{rodgers2014war,
  title={The war against generational poverty: a comparative study of conditional cash transfer programs in Brazil, Chile, and Jamaica},
  author={Rodgers, Renaldo R},
  year={2014},
  institution={NAVAL POSTGRADUATE SCHOOL MONTEREY CA}
}

@article{roodman2014impact,
  title={The impact of microcredit on the poor in Bangladesh: Revisiting the evidence},
  author={Roodman, David and Morduch, Jonathan},
  journal={Journal of Development Studies},
  volume={50},
  number={4},
  pages={583--604},
  year={2014},
  publisher={Taylor \& Francis}
}

@book{roodman2012due,
  title={Due diligence: An impertinent inquiry into microfinance},
  author={Roodman, David},
  year={2012},
  publisher={CGD Books}
}

@article{roth2002rashomon,
  title={The Rashomon effect: Combining positivist and interpretivist approaches in the analysis of contested events},
  author={Roth, Wendy D and Mehta, Jal D},
  journal={Sociological methods \& research},
  volume={31},
  number={2},
  pages={131--173},
  year={2002},
  publisher={Sage Publications Thousand Oaks}
}

@article{cervello2019social,
  title={Social Performance considered within the global performance of Microfinance Institutions: a new approach},
  author={Cervello-Royo, Roberto and Guijarro, Francisco and Martinez-Gomez, Victor},
  journal={Operational Research},
  volume={19},
  number={3},
  pages={737--755},
  year={2019},
  publisher={Springer}
}

@article{salia2018women,
  title={Is women empowerment a zero sum game? Unintended consequences of microfinance for women’s empowerment in Ghana},
  author={Salia, Samuel and Hussain, Javed and Tingbani, Ishmael and Kolade, Oluwaseun},
  journal={International Journal of Entrepreneurial Behavior \& Research},
  year={2018},
  publisher={Emerald Publishing Limited}
}

@article{garcia2017educational,
  title={Educational impacts and cost-effectiveness of conditional cash transfer programs in developing countries: A meta-analysis},
  author={Garcia, Sandra and Saavedra, Juan E},
  journal={Review of Educational Research},
  volume={87},
  number={5},
  pages={921--965},
  year={2017},
  publisher={SAGE Publications Sage CA: Los Angeles, CA}
}

@article{cervello2019social,
  title={Social Performance considered within the global performance of Microfinance Institutions: a new approach},
  author={Cervell{\'o}-Royo, Roberto and Guijarro, Francisco and Martinez-Gomez, Victor},
  journal={Operational Research},
  volume={19},
  number={3},
  pages={737--755},
  year={2019},
  publisher={Springer}
}

@article{sarafidis2012cross,
  title={Cross-sectional dependence in panel data analysis},
  author={Sarafidis, Vasilis and Wansbeek, Tom},
  journal={Econometric Reviews},
  volume={31},
  number={5},
  pages={483--531},
  year={2012},
  publisher={Taylor \& Francis}
}

@article{sarma2011ngo,
  title={NGO transformation: institutional entrepreneurship in Indian microfinance},
  author={Sarma, Sushanta},
  journal={Business Strategy Series},
  year={2011},
  publisher={Emerald Group Publishing Limited}
}

@misc{saunders2009research,
  title={Research methods for business students (5th edn)},
  author={Saunders, Mark and Lewis, Philip and Thornhill, Adrian},
  year={2009},
  publisher={Pearson education}
}

@article{schnabl2012international,
  title={The international transmission of bank liquidity shocks: Evidence from an emerging market},
  author={Schnabl, Philipp},
  journal={The Journal of Finance},
  volume={67},
  number={3},
  pages={897--932},
  year={2012},
  publisher={Wiley Online Library}
}

@article{schnyder2018twenty,
  title={Twenty years of ‘Law and Finance’: time to take law seriously},
  author={Schnyder, Gerhard and Siems, Mathias and Aguilera, Ruth V},
  journal={Socio-Economic Review},
  volume={12},
  number={1},
  year={2018}
}

@article{scott2005institutional,
  title={Institutional theory: Contributing to a theoretical research program},
  author={Scott, W Richard and others},
  journal={Great minds in management: The process of theory development},
  volume={37},
  number={2},
  pages={460--484},
  year={2005}
}

@article{sen2014development,
  title={Development as freedom (1999)},
  author={Sen, Amartya},
  journal={The globalization and development reader: Perspectives on development and global change},
  volume={525},
  year={2014},
  publisher={Wiley Balckwell Sussex}
}

@article{serrano2014microfinance,
  title={Microfinance, the long tail and mission drift},
  author={Serrano-Cinca, Carlos and Gutierrez-Nieto, Begona},
  journal={International Business Review},
  volume={23},
  number={1},
  pages={181--194},
  year={2014},
  publisher={Elsevier}
}

@article{servin2012ownership,
  title={Ownership and technical efficiency of microfinance institutions: Empirical evidence from Latin America},
  author={Servin, Roselia and Lensink, Robert and Van den Berg, Marrit},
  journal={Journal of Banking \& Finance},
  volume={36},
  number={7},
  pages={2136--2144},
  year={2012},
  publisher={Elsevier}
}

@article{shahriar2017lender,
  title={Lender--entrepreneur relationships and credit risk: A global analysis of microfinance institutions},
  author={Shahriar, Abu Zafar M and Garg, Mukesh},
  journal={International Small Business Journal},
  volume={35},
  number={7},
  pages={829--854},
  year={2017},
  publisher={SAGE Publications Sage UK: London, England}
}

@article{siwale2017microfinance,
  title={Microfinance regulation and social sustainability of microfinance institutions: the case of Nigeria and Zambia},
  author={Siwale, Juliana and Okoye, Ngozi},
  journal={Annals of Public and Cooperative Economics},
  volume={88},
  number={4},
  pages={611--632},
  year={2017},
  publisher={Wiley Online Library}
}

@article{srnec2008transformation,
  title={The Transformation Process in Microfinance Institutions},
  author={Srnec, K and Divivsova, M and Svobodova, E},
  journal={Agricultura Tropica et Subtropica},
  volume={41},
  number={2},
  pages={84--89},
  year={2008}
}

@article{staub2010evolution,
  title={Evolution of bank efficiency in Brazil: A DEA approach},
  author={Staub, Roberta B and e Souza, Geraldo da Silva and Tabak, Benjamin M},
  journal={European journal of operational research},
  volume={202},
  number={1},
  pages={204--213},
  year={2010},
  publisher={Elsevier}
}

@article{stoughton1998ipo,
  title={IPO-mechanisms, monitoring and ownership structure},
  author={Stoughton, Neal M and Zechner, Josef},
  journal={Journal of Financial Economics},
  volume={49},
  number={1},
  pages={45--77},
  year={1998},
  publisher={Elsevier}
}

@article{sun2016ownership,
  title={Ownership, capital structure and financing decision: Evidence from the UK},
  author={Sun, Ji and Ding, Li and Guo, Jie Michael and Li, Yichen},
  journal={The British Accounting Review},
  volume={48},
  number={4},
  pages={448--463},
  year={2016},
  publisher={Elsevier}
}

@article{tadesse2019grants,
  title={Grants vs. credits for improving the livelihoods of ultra-poor: Evidence from Ethiopia},
  author={Tadesse, Getaw and Zewdie, Tadiwos},
  journal={World Development},
  volume={113},
  pages={320--329},
  year={2019},
  publisher={Elsevier}
}

@article{taylor2012antinomies,
  title={The Antinomies of ‘Financial Inclusion’: Debt, Distress and the Workings of I ndian Microfinance},
  author={Taylor, Marcus},
  journal={Journal of Agrarian Change},
  volume={12},
  number={4},
  pages={601--610},
  year={2012},
  publisher={Wiley Online Library}
}

@article{tchakoute2010there,
  title={Is there a difference in performance by the legal status of microfinance institutions?},
  author={Tchakoute-Tchuigoua, Hubert},
  journal={The Quarterly Review of Economics and Finance},
  volume={50},
  number={4},
  pages={436--442},
  year={2010},
  publisher={Elsevier}
}

@article{tchuigoua2014institutional,
  title={Institutional framework and capital structure of microfinance institutions},
  author={Tchuigoua, Hubert Tchakoute},
  journal={Journal of Business Research},
  volume={67},
  number={10},
  pages={2185--2197},
  year={2014},
  publisher={Elsevier}
}

@article{tchuigoua2015capital,
  title={Capital structure of microfinance institutions},
  author={Tchuigoua, Hubert Tchakoute},
  journal={Journal of Financial Services Research},
  volume={47},
  number={3},
  pages={313--340},
  year={2015},
  publisher={Springer}
}

@article{hasani2013ustav,
  title={USTAV REPUBLIKE KOSOVA},
  author={Hasani, Enver and vCukalovic, Ivan},
  year={2013}
}

@article{kar2018changes,
  title={Changes in total factor productivity and efficiency of microfinance institutions in the developing world: A non-parametric approach},
  author={Kar, Ashim Kumar and Rahman, Sanzidur},
  journal={Economic Analysis and Policy},
  volume={60},
  pages={103--118},
  year={2018},
  publisher={Elsevier}
}

@incollection{verhoef2017rise,
  title={The rise of financial services in Africa: An historical perspective},
  author={Verhoef, Grietjie},
  booktitle={Developing Africa’s Financial Services},
  year={2017},
  publisher={Emerald Publishing Limited}
}

@article{thomsen2000ownership,
  title={Ownership structure and economic performance in the largest European companies},
  author={Thomsen, Steen and Pedersen, Torben},
  journal={Strategic Management Journal},
  volume={21},
  number={6},
  pages={689--705},
  year={2000},
  publisher={Wiley Online Library}
}

@article{thornton2002rise,
  title={The rise of the corporation in a craft industry: Conflict and conformity in institutional logics},
  author={Thornton, Patricia H},
  journal={Academy of management journal},
  volume={45},
  number={1},
  pages={81--101},
  year={2002},
  publisher={Academy of Management Briarcliff Manor, NY 10510}
}

@misc{thornton2015institutional,
  title={The institutional logics perspective. Emerging trends in the social and behavioral sciences},
  author={Thornton, PH and Ocasio, W and Lounsbury, M},
  year={2015},
  publisher={John Wiley \& Sons, Inc. http://dx. doi. org/10.1002/9781118900772. etrds0187}
}

@article{jensen1984theory,
  title={The theory of corporate finance: a historical overview},
  author={Jensen, Michael C and Smith, Clifford W},
  year={1984},
  publisher={New York: McGraw-Hill Inc}
}

@article{titman1988determinants,
  title={The determinants of capital structure choice},
  author={Titman, Sheridan and Wessels, Roberto},
  journal={The Journal of Finance},
  volume={43},
  number={1},
  pages={1--19},
  year={1988},
  publisher={Wiley Online Library}
}

@book{tirole2010theory,
  title={The theory of corporate finance},
  author={Tirole, Jean},
  year={2010},
  publisher={Princeton University Press}
}


@article{toindepi2016investigating,
  title={Investigating a best practice model of microfinance for poverty alleviation},
  author={Toindepi, Joseph},
  journal={International Journal of Social Economics},
  year={2016},
  publisher={Emerald Group Publishing Limited}
}

@article{torres2007panel,
  title={Panel data analysis fixed and random effects using Stata (v. 4.2)},
  author={Torres-Reyna, Oscar},
  journal={Data \& Statistical Services, Priceton University},
  volume={112},
  year={2007}
}

@article{tosi2000much,
  title={How much does performance matter? A meta-analysis of CEO pay studies},
  author={Tosi, Henry L and Werner, Steve and Katz, Jeffrey P and Gomez-Mejia, Luis R},
  journal={Journal of Management},
  volume={26},
  number={2},
  pages={301--339},
  year={2000},
  publisher={Elsevier}
}

@article{uddin2014financial,
  title={Financial development and poverty reduction nexus: A cointegration and causality analysis in Bangladesh},
  author={Uddin, Gazi Salah and Shahbaz, Muhammad and Arouri, Mohamed and Teulon, Frederic},
  journal={Economic Modelling},
  volume={36},
  pages={405--412},
  year={2014},
  publisher={Elsevier}
}

@incollection{henningsen2019analysis,
  title={Analysis of panel data using R},
  author={Henningsen, Arne and Henningsen, G{\'e}raldine},
  booktitle={Panel Data Econometrics},
  pages={345--396},
  year={2019},
  publisher={Elsevier}
}

@article{ulas2015performance,
  title={Performance evaluation and ranking of Turkish banking sector},
  author={Ulas, Efehan and Keskin, Burak},
  journal={Procedia Economics and Finance},
  volume={25},
  pages={297--307},
  year={2015},
  publisher={Elsevier}
}

@article{de1995financial,
  title={Financial development and economic growth},
  author={De Gregorio, Jose and Guidotti, Pablo E},
  journal={World Development},
  volume={23},
  number={3},
  pages={433--448},
  year={1995},
  publisher={Elsevier}
}

@article{valickova2015financial,
  title={Financial development and economic growth: A meta-analysis},
  author={Valickova, Petra and Havranek, Tomas and Horvath, Roman},
  journal={Journal of Economic Surveys},
  volume={29},
  number={3},
  pages={506--526},
  year={2015},
  publisher={Wiley Online Library}
}

@article{van2016esg,
  title={ESG integration and the investment management process: Fundamental investing reinvented},
  author={Van Duuren, Emiel and Plantinga, Auke and Scholtens, Bert},
  journal={Journal of Business Ethics},
  volume={138},
  number={3},
  pages={525--533},
  year={2016},
  publisher={Springer}
}

@article{van2012impact,
  title={The impact of microfinance in sub-Saharan Africa: a systematic review of the evidence},
  author={Van Rooyen, Carina and Stewart, Ruth and De Wet, Thea},
  journal={World Development},
  volume={40},
  number={11},
  pages={2249--2262},
  year={2012},
  publisher={Elsevier}
}

@article{wagenaar2012institutional,
  title={Institutional transformation and mission drift in microfinance},
  author={Wagenaar, Kim},
  journal={Centre of Development Studies, University of Cambridge},
  pages={1--35},
  year={2012}
}

@article{wagner2013vulnerability,
  title={The vulnerability of microfinance to financial turmoil--evidence from the global financial crisis},
  author={Wagner, Charlotte and Winkler, Adalbert},
  journal={World Development},
  volume={51},
  pages={71--90},
  year={2013},
  publisher={Elsevier}
}

@article{wang2015ownership,
  title={Ownership concentration and firm performance in emerging markets: A meta-analysis},
  author={Wang, Kun and Shailer, Greg},
  journal={Journal of Economic Surveys},
  volume={29},
  number={2},
  pages={199--229},
  year={2015},
  publisher={Wiley Online Library}
}

@article{wassie2019performance,
  title={Performance of microfinance institutions in Ethiopia: Integrating financial and social metrics},
  author={Wassie, Solomon Bizuayehu and Kusakari, Hitoshi and Sumimoto, Masahiro},
  journal={Social Sciences},
  volume={8},
  number={4},
  pages={117},
  year={2019},
  publisher={Multidisciplinary Digital Publishing Institute}
}

@article{welch2004capital,
  title={Capital structure and stock returns},
  author={Welch, Ivo},
  journal={Journal of political economy},
  volume={112},
  number={1},
  pages={106--131},
  year={2004},
  publisher={The University of Chicago Press}
}

@article{wooldridge2015control,
  title={Control function methods in applied econometrics},
  author={Wooldridge, Jeffrey M},
  journal={Journal of Human Resources},
  volume={50},
  number={2},
  pages={420--445},
  year={2015},
  publisher={University of Wisconsin Press}
}

@book{wooldridge2010econometric,
  title={Econometric analysis of cross section and panel data},
  author={Wooldridge, Jeffrey M},
  year={2010},
  publisher={MIT press}
}

@article{wooldridge2014quasi,
  title={Quasi-maximum likelihood estimation and testing for nonlinear models with endogenous explanatory variables},
  author={Wooldridge, Jeffrey M},
  journal={Journal of Econometrics},
  volume={182},
  number={1},
  pages={226--234},
  year={2014},
  publisher={Elsevier}
}

@article{wright2016rebuilding,
  title={Rebuilding the microfinance industry post--Andhra Pradesh crisis},
  author={Wright, Graham AN and Sharma, Manoj K and Anjaneyulu, B and Yamini, Veena and Devi, G Trivikrama},
  journal={Changing Contours of Microfinance in India},
  pages={21},
  year={2016},
  publisher={Routledge}
}

@article{wu2012firm,
  title={Firm growth type and capital structure persistence},
  author={Wu, Xueping and Yeung, Chau Kin Au},
  journal={Journal of Banking \& Finance},
  volume={36},
  number={12},
  pages={3427--3443},
  year={2012},
  publisher={Elsevier}
}

@article{yang2018does,
  title={How does corporate social responsibility change capital structure?},
  author={Yang, Shenggang and He, Feiying and Zhu, Qi and Li, Shihao},
  journal={Asia-Pacific Journal of Accounting \& Economics},
  volume={25},
  number={3-4},
  pages={352--387},
  year={2018},
  publisher={Taylor \& Francis}
}

@article{yartey2017subaltern,
  title={The Subaltern Speaks? Performing Poverty through Online Microfinance: A Critical Analysis of Kiva. org},
  author={Yartey, Franklin Nii Amankwah},
  journal={Southern Communication Journal},
  volume={82},
  number={2},
  pages={73--84},
  year={2017},
  publisher={Taylor \& Francis}
}

@article{you2013role,
  title={The role of microcredit in older children’s nutrition: Quasi-experimental evidence from rural China},
  author={You, Jing},
  journal={Food policy},
  volume={43},
  pages={167--179},
  year={2013},
  publisher={Elsevier}
}

@article{yum2012wisdom,
  title={From the wisdom of crowds to my own judgment in microfinance through online peer-to-peer lending platforms},
  author={Yum, Haewon and Lee, Byungtae and Chae, Myungsin},
  journal={Electronic Commerce Research and Applications},
  volume={11},
  number={5},
  pages={469--483},
  year={2012},
  publisher={Elsevier}
}

@article{zaby2019science,
  title={Science mapping of the global knowledge base on microfinance: Influential authors and documents, 1989--2019},
  author={Zaby, Simon},
  journal={Sustainability},
  volume={11},
  number={14},
  pages={3883},
  year={2019},
  publisher={Multidisciplinary Digital Publishing Institute}
}

@article{zeitun2014capital,
  title={Capital structure and corporate performance: evidence from Jordan},
  author={Zeitun, Rami and Tian, Gary Gang},
  journal={Australasian Accounting Business \& Finance Journal, Forthcoming},
  year={2014}
}

@article{zellner1962further,
  title={Further properties of efficient estimators for seemingly unrelated regression equations},
  author={Zellner, Arnold and Huang, David S},
  journal={International Economic Review},
  volume={3},
  number={3},
  pages={300--313},
  year={1962},
  publisher={JSTOR}
}

@article{zhang2017microfinance,
  title={Microfinance and gender inequality: Cross-country evidence},
  author={Zhang, Quanda and Posso, Alberto},
  journal={Applied Economics Letters},
  volume={24},
  number={20},
  pages={1494--1498},
  year={2017},
  publisher={Taylor \& Francis}
}

@article{zhou2007non,
  title={A non-radial DEA approach to measuring environmental performance},
  author={Zhou, Peng and Poh, Kim Leng and Ang, Beng Wah},
  journal={European journal of operational research},
  volume={178},
  number={1},
  pages={1--9},
  year={2007},
  publisher={Elsevier}
}

@article{zins2016determinants,
  title={The determinants of financial inclusion in Africa},
  author={Zins, Alexandra and Weill, Laurent},
  journal={Review of development finance},
  volume={6},
  number={1},
  pages={46--57},
  year={2016},
  publisher={Elsevier}
}

@article{zulfiqar2017does,
  title={Does microfinance enhance gender equity in access to finance? Evidence from Pakistan},
  author={Zulfiqar, Ghazal},
  journal={Feminist Economics},
  volume={23},
  number={1},
  pages={160--185},
  year={2017},
  publisher={Taylor \& Francis}
}

@article{zulfiqar2017kashf,
  title={From Kashf Foundation to Kashf Microfinance Bank—Changing Organizational Identities},
  author={Zulfiqar, Ghazal M},
  journal={Asian Journal of Management Cases},
  volume={14},
  number={2},
  pages={94--114},
  year={2017},
  publisher={SAGE Publications Sage India: New Delhi, India}
}


@article{silva1998neoliberalism,
  title={Neoliberalism, democratization, and the rise of technocrats},
  author={Silva, Patricio},
  journal={The Changing Role of the State in Latin America},
  pages={75--92},
  year={1998},
  publisher={Westview Press Boulder}
}

@article{rajan1998financial,
  title={Financial development and growth},
  author={Rajan, Raghuram and Zingales, Luigi},
  journal={American Economic Review},
  volume={88},
  number={3},
  pages={559--586},
  year={1998}
}

@article{petrucci2009primer,
  title={A primer for social worker researchers on how to conduct a multinomial logistic regression},
  author={Petrucci, Carrie J},
  journal={Journal of Social Service Research},
  volume={35},
  number={2},
  pages={193--205},
  year={2009},
  publisher={Taylor \& Francis}
}

@book{yartey2008determinants,
  title={The determinants of stock market development in emerging economies},
  author={Yartey, Charles Amo},
  volume={2008},
  number={32},
  year={2008},
  publisher={International Monetary Fund}
}

@article{porter1987economic,
  title={Economic efficiency in cooperatives},
  author={Porter, Philip K and Scully, Gerald W},
  journal={The Journal of law and economics},
  volume={30},
  number={2},
  pages={489--512},
  year={1987},
  publisher={The University of Chicago Press}
}

@article{oto2014distribution,
  title={The distribution of legal traditions around the world: a contribution to the legal-origins theory},
  author={Oto-Peralias, Daniel and Romero-Avila, Diego},
  journal={The Journal of Law and Economics},
  volume={57},
  number={3},
  pages={561--628},
  year={2014},
  publisher={University of Chicago Press Chicago, IL}
}

@article{sobel2008testing,
  title={Testing Baumol: Institutional quality and the productivity of entrepreneurship},
  author={Sobel, Russell S},
  journal={Journal of Business Venturing},
  volume={23},
  number={6},
  pages={641--655},
  year={2008},
  publisher={Elsevier}
}

@article{zeng2020confusion,
  title={On the confusion matrix in credit scoring and its analytical properties},
  author={Zeng, Guoping},
  journal={Communications in Statistics-Theory and Methods},
  volume={49},
  number={9},
  pages={2080--2093},
  year={2020},
  publisher={Taylor \& Francis}
}

@techreport{ito2018quantity,
  title={Quantity and quality measures of financial development: implications for macroeconomic performance},
  author={Ito, Hiro and Kawai, Masahiro and others},
  year={2018}
}

@article{mandrekar2010receiver,
  title={Receiver operating characteristic curve in diagnostic test assessment},
  author={Mandrekar, Jayawant N},
  journal={Journal of Thoracic Oncology},
  volume={5},
  number={9},
  pages={1315--1316},
  year={2010},
  publisher={Elsevier}
}

@article{pesaran2021general,
  title={General diagnostic tests for cross-sectional dependence in panels},
  author={Pesaran, M Hashem},
  journal={Empirical Economics},
  volume={60},
  pages={13--50},
  year={2021},
  publisher={Springer}
}

@article{jarotschkin2013microfinance,
  title={Microfinance in Africa},
  author={Jarotschkin, Alexandra},
  journal={Financial Sector Development in Africa: Opportunities and Challenges. International Bank for Reconstruction and Development/The World Bank, Washington DC},
  pages={8--40},
  year={2013}
}

@article{boussofiane1991applied,
  title={Applied data envelopment analysis},
  author={Boussofiane, Aziz and Dyson, Robert G and Thanassoulis, Emmanuel},
  journal={European journal of operational research},
  volume={52},
  number={1},
  pages={1--15},
  year={1991},
  publisher={Elsevier}
}

@techreport{tziogkidis2012bootstrap,
  title={Bootstrap DEA and hypothesis testing},
  author={Tziogkidis, Panagiotis},
  year={2012},
  institution={Cardiff Economics Working Papers}
}

@article{simar2000general,
  title={A general methodology for bootstrapping in non-parametric frontier models},
  author={Simar, L{\'e}opold and Wilson, Paul W},
  journal={Journal of applied statistics},
  volume={27},
  number={6},
  pages={779--802},
  year={2000},
  publisher={Taylor \& Francis}
}

@article{assaf2010improving,
  title={Improving the accuracy of DEA efficiency analysis: a bootstrap application to the health care foodservice industry},
  author={Assaf, Albert and Matawie, Kenan M},
  journal={Applied Economics},
  volume={42},
  number={27},
  pages={3547--3558},
  year={2010},
  publisher={Taylor \& Francis}
}

@article{mersland2019social,
  title={Do social enterprises walk the talk? Assessing microfinance performances with mission statements},
  author={Mersland, Roy and Nyarko, Samuel Anokye and Szafarz, Ariane},
  journal={Journal of Business Venturing Insights},
  volume={11},
  pages={e00117},
  year={2019},
  publisher={Elsevier}
}

@article{barber2021impact,
  title={Impact investing},
  author={Barber, Brad M and Morse, Adair and Yasuda, Ayako},
  journal={Journal of Financial Economics},
  volume={139},
  number={1},
  pages={162--185},
  year={2021},
  publisher={Elsevier}
}



